2668 4002
457 217 528 268 αττ.
547 214 835 284 [mmmmm]
1101 212 1144 275 59

132 367 226 434 εἰσὶν
258 367 404 438 ἑκάστοτ’
434 373 543 438 αὐτῶν
573 385 640 439 τῶν
669 379 866 458 Φασηλιτῶν
893 373 914 458 ή
942 385 1008 439 τῶν
1035 375 1146 439 ἀλλων

134 474 303 540 ἁπάντων.
349 473 441 544 οὗτοι
469 476 530 562 μὲν
557 476 619 544 οὖν
646 483 793 546 τοιοῦτοί
817 482 915 544 εἰσιν·
953 479 1017 563 ἐγὼ
1045 477 1091 561 δ’,
1120 473 1181 543 ώε

134 583 258 665 ἄνδρες
281 584 443 665 δικασταί,
465 587 611 669 χρήματα
635 585 788 660 δανείσας
803 581 980 667 Ἀρτέμωνι
1003 594 1048 672 τῷ
1072 583 1146 649 τού-

134 711 200 752 του
232 687 364 775 ἀδελφῷ
396 691 477 753 κατά
509 692 586 765 τοὺς
615 688 813 773 ἐμπορικοὺς
841 691 980 772 νόμους,
1012 692 1059 765 είς
1088 691 1147 754 τὸν

136 797 275 860 Πόντον
307 792 361 860 καὶ
393 796 493 860 πάλιν
521 789 697 878 Ἀθήναζε,
733 799 987 879 τελευτήσαντος
1019 795 1147 860 ἐκείνου

135 898 219 985 πρὶν
246 899 434 966 ἀποδοῦναί
452 925 508 984 μοι
531 902 571 965 τά
593 904 757 986 χρήματα,
785 905 938 990 Λακρίτῳ
960 899 1079 990 τουτωί
1102 907 1146 965 εί-

138 1010 223 1090 ληχα
246 1007 306 1089 τήν
330 1009 426 1089 δίκην
449 1007 571 1090 ταύτην
593 1007 674 1071 κατά
697 1009 774 1084 τοὺς
795 1006 914 1081 αὐτοὺς
931 1009 1055 1090 νόμους
1073 1007 1147 1071 τού-

137 1136 228 1193 τους,
250 1109 329 1177 καθ’
353 1113 476 1195 οὕσπερ
494 1114 531 1178 τὸ
550 1115 755 1196 συμβόλαιον
774 1112 990 1196 ἐποιησάμην,
1012 1111 1145 1200 ἀδελφςῦ
1166 1132 1181 1176 4

137 1220 212 1283 ὄντι
241 1219 346 1306 τούτῳ
370 1217 498 1282 ἐκείνου
522 1216 576 1282 καὶ
600 1221 706 1302 ἔχοντι
730 1219 768 1282 τά
789 1214 989 1302 Ἀρτέμωνος
1011 1219 1146 1284 ἅπαντα.

138 1322 257 1407 δέομαι
280 1320 311 1387 δ’
332 1322 438 1406 ὑμῶν,
462 1318 487 1388 ὦ
511 1325 630 1406 άνδρες
649 1324 810 1406 δικασταί,
834 1323 991 1400 εὐνοϊκῶς
1008 1323 1151 1390 ἀκοῦσαί

138 1453 205 1513 μου
232 1427 307 1512 περὶ
334 1439 394 1494 τοῦ
420 1430 608 1513 πράγματος
635 1433 784 1494 τουτουί·
814 1429 876 1494 κάν
904 1428 1021 1513 ἐλέγξω
1045 1430 1147 1495 αὐτὸν

138 1533 316 1600 ἀδικοῦνθ’
343 1534 427 1618 ἡμᾶς
451 1559 487 1600 τε
515 1539 591 1612 τοὺς
619 1537 832 1612 δανείσαντας
858 1533 913 1601 καὶ
939 1535 1024 1619 ὑμᾶς
1047 1531 1147 1601 οὐδέν

139 1637 255 1724 ήττον,
278 1638 432 1724 βοηθεῑθ’
455 1642 535 1724 ἡμῖν
557 1642 597 1705 τά
620 1643 740 1706 δίκαια.

204 1745 285 1830 Ἐγὼ
304 1747 378 1830 γάρ,
397 1741 423 1811 ώ
442 1748 562 1830 ἀνδρες
580 1748 741 1830 δικασταί,
760 1748 857 1824 αὐτὸς
876 1744 936 1831 μὲν
951 1745 1022 1813 οὐδ’
1041 1748 1146 1814 δπωσ-
1166 1766 1181 1812 5

139 1862 236 1919 τιοῦν
263 1853 440 1936 ἐγνώριζον
467 1856 546 1929 τοὺς
568 1851 768 1938 ἀνθρώπους
790 1854 940 1930 τούτους·
973 1854 1146 1936 Θρασυμή-

141 1961 202 2042 δης
225 1955 254 2023 δ’
278 1958 296 2024 δ
321 1959 514 2042 Διοφάντου
537 1959 625 2042 υίός,
648 1957 776 2025 ἐκείνου
800 1969 861 2024 τοῦ
883 1963 1069 2042 Σφηττίου,
1093 1956 1147 2022 καὶ

142 2064 348 2140 Μελάνωπος
371 2065 390 2129 δ
412 2063 557 2147 ἀδελφὸς
580 2063 682 2128 αὐτοῦ
706 2063 887 2147 ἐπιτήδειοί
907 2069 966 2148 μοί
986 2066 1066 2146 είσι,
1092 2061 1146 2128 καλ

141 2167 286 2255 χρώμεθ’
312 2168 466 2253 ἀλλήλοις
494 2169 537 2245 ώς
565 2161 637 2234 οἷόν
664 2192 698 2233 τε
727 2170 876 2251 μάλιστα.
927 2164 1019 2235 οὗτοι
1046 2187 1147 2254 προσ-

142 2277 249 2358 ῆλθόν
286 2298 341 2357 μοι
373 2275 453 2358 μετὰ
485 2278 651 2356 Λακρίτου
683 2277 835 2355 τουτουί,
872 2274 997 2340 ὁπόθεν
1029 2272 1142 2358 δήποτ’

143 2379 378 2464 ἐγνωρισμένοι
406 2382 511 2468 τούτω
540 2381 594 2462 (οὐ
622 2381 685 2463 γάρ
709 2375 814 2462 οἶδα),
841 2379 895 2445 καὶ
923 2380 1055 2447 ἐδέοντό
1082 2401 1181 2463 μουο

144 2488 292 2552 δανεῖσαι
315 2483 449 2570 χρήματ’
472 2488 519 2562 είς
541 2486 600 2550 τὸν
619 2488 753 2551 Πόντον
769 2483 945 2568 Ἀρτέμωνι
964 2496 1008 2574 τῷ
1028 2489 1147 2553 τούτου

143 2593 273 2678 ἀδελφῷ
298 2589 352 2656 καὶ
372 2588 624 2680 Ἀπολλοδώρῳ,
647 2592 734 2667 ὅπως
757 2591 799 2656 διν
822 2589 950 2677 ἐνεργοὶ
974 2587 1068 2674 ώσιν,
1091 2593 1147 2659 οὐ-

143 2694 201 2762 δὲν
226 2699 332 2778 εἰδώς,
355 2693 518 2780 ώάνδρες
538 2699 698 2778 δικασταί,
722 2695 794 2762 οὐδ’
811 2697 829 2763 δ
849 2700 1070 2782 Θρασυμήδης
1086 2701 1147 2783 τήν

143 2804 268 2868 τούτων
286 2808 461 2886 πονηρίαν,
485 2800 556 2868 ἀλλ’
574 2805 725 2886 οἰόμενος
743 2799 829 2867 εἶναι
848 2801 998 2879 ἐπιεικεῖς
1016 2802 1148 2888 ἀνθρώ-

142 2931 224 2985 πους
245 2907 299 2974 καὶ
323 2901 449 2992 οἷοίπερ
472 2917 732 2992 προσεποιοῦντο
756 2907 810 2973 καὶ
829 2912 955 2993 ἔφασαν
974 2905 1071 2992 εἶναι,
1093 2909 1147 2976 καὶ

142 3015 324 3098 ἡγούμενος
341 3017 491 3098 ποιήσειν
510 3013 629 3090 αὐτοὺς
646 3010 765 3097 πάνθ’,
784 3013 906 3097 ὅσαπερ
925 3015 1147 3098 ὑπισχνοῦντο

143 3119 196 3185 καὶ
225 3119 395 3205 ἀνεδέχετο
424 3120 586 3202 Λάκριτος
616 3120 738 3185 οὑτοσί.
783 3126 937 3184 πλεῖστον
969 3116 998 3184 δ’
1025 3117 1077 3203 ἀρ’
1105 3117 1181 3204 ήνι

143 3224 342 3310 ἐψευσμένος
371 3223 425 3290 καλ
455 3221 555 3290 οὐδὲν
585 3223 675 3310 ᾔδει,
705 3226 788 3300 οἵοις
816 3229 949 3308 θηρίοις
978 3224 1147 3308 ἐπλησίαζε

143 3343 209 3407 τοῖς
231 3330 424 3417 ἀνθρώποις
445 3331 583 3406 τούτοις.
620 3330 709 3412 κάγὼ
732 3327 881 3406 πεισθεὶς
898 3330 964 3396 ὑπὸ
983 3340 1041 3396 τοῦ
1062 3334 1146 3414 Θρα-

143 3438 309 3520 συμήδους
331 3436 386 3502 καὶ
409 3446 468 3502 τοῦ
492 3435 639 3520 ἀδελφοῦ
662 3435 781 3517 αὐτοῦ,
805 3434 860 3501 καί
883 3439 1051 3518 Λακρίτου
1073 3461 1147 3502 του-

143 3541 212 3616 τουὶ
242 3542 486 3636 ἀναδεχομένου
509 3567 564 3634 μοι
587 3538 682 3616 πάντ’
707 3545 840 3615 ἔσεσθαι
864 3543 903 3614 τὰ
926 3544 1037 3616 δίκαια
1059 3545 1147 3636 παρὰ
