2668 4002
185 155 229 222 48
564 162 648 216 xna.
665 160 813 218 ΔΤΣΙΑΣ.

186 319 371 404 ἐκπηδῶσιν
394 319 447 406 ἐφ’
469 323 554 406 ἡμᾶς
574 324 638 406 ἤδη
662 322 852 407 μεθύοντες.
888 320 942 386 καλ
965 323 1001 387 οί
1020 320 1081 405 μέν
1103 345 1192 398 τινες

185 427 272 515 αύτῷ
292 440 358 494 τῶν
376 427 653 513 παραγενομένων
667 429 728 493 οὐκ
740 427 910 512 ἠθέλησαν
923 430 1192 513 συνεξαμαρτεῖν,

185 537 302 618 Σίμων
334 531 366 599 δ’
397 532 510 600 οὑτοσὶ
541 532 596 600 καὶ
627 537 789 618 Θεόφιλος
820 532 875 598 καὶ
904 537 1105 619 Πρώταρχος
1136 532 1192 598 καὶ

186 641 357 723 Αὐτοκλῆς
379 632 491 706 εἷλκον
512 643 550 706 τὸ
574 641 753 727 μειράκιον.
790 641 808 706 ὁ
831 637 869 705 δὲ
887 641 987 725 ῥίψας
1004 642 1041 705 τὸ
1061 639 1192 723 ἱμάτιον

152 742 288 832 τβχετο
311 747 454 830 φεύγων.
497 745 561 829 ἐγὼ
584 745 616 810 δ’
635 745 818 829 ἡγούμενος
841 745 969 811 ἐκεῖνον
991 743 1052 829 μὲν
1075 745 1193 829 ἐκφεύ-

87 871 95 888 “
186 850 318 932 ξεσθαι,
344 852 483 927 τούτους
510 847 556 933 δ’,
584 850 696 933 ἐπειδη
723 848 844 936 τάχιστ’
869 850 1036 934 ἐντύχοιεν
1059 851 1193 936 ἀνθρώ-

185 977 274 1040 ποις,
302 956 561 1042 αἰσχυνομένους
589 955 849 1041 ἀποτρέψεσθαι,
874 967 977 1022 ταῦτα
1000 955 1193 1041 διανοηθεὶς

186 1059 300 1148 ἑτέραν
323 1062 405 1127 δδὸν
428 1060 561 1149 ᾠχόμην
583 1062 703 1127 ἀπιών·
727 1063 813 1127 οὕτω
833 1061 951 1147 σφόδρ’
973 1064 1094 1140 αὐτοὺς
1112 1063 1192 1148 έφυ-

185 1170 366 1251 λαττόμην,
402 1167 457 1234 καὶ
489 1169 595 1234 πάντα
626 1167 725 1234 ταῦθ’
757 1169 822 1234 ὑπὸ
854 1170 980 1234 τούτων
1012 1172 1192 1253 γιγνόμενα

186 1274 331 1357 μεγάλην
359 1274 488 1361 ἐμαυτῷ
517 1276 692 1359 συμφοράν
720 1275 880 1358 ἐνόμιζον.
925 1273 1096 1340 κάνταῦθα
1119 1273 1192 1358 μέν,

186 1380 241 1444 ἵνα
270 1378 352 1464 φησὶ
382 1385 500 1464 Σίμων
529 1382 590 1464 τὴν
620 1381 727 1465 μάχην
757 1379 929 1464 γενέσθαι,
960 1382 1036 1446 ούτε
1065 1382 1191 1447 τούτων
1300 1425 1301 1470 ,

186 1482 265 1550 οὔθ’
283 1484 376 1568 ημῶν
395 1485 504 1563 οὐδεὶς
523 1487 598 1551 ούτε
617 1487 756 1570 κατεάγη
775 1489 836 1570 τὴν
855 1488 1004 1570 κεφαλὴν
1023 1483 1091 1552 οὔτ’
1110 1487 1191 1551 ἀλλο
1300 1537 1301 1568 3

186 1593 287 1656 κακὸν
306 1587 406 1657 οὐδὲν
425 1594 553 1677 ἔλαβεν,
572 1586 619 1657 ὧν
638 1591 701 1675 ἐγὼ
719 1595 797 1668 τοὺς
813 1590 1099 1677 παραγενομένους
1112 1593 1192 1677 ὑμῖν

186 1695 365 1781 παρέξομαι
388 1698 563 1783 μάρτυρας.
596 1707 781 1771 (Tesfimonia
798 1709 949 1778 leguntur.)

151 1815 167 1863 8
244 1800 315 1868 ’Ότι
345 1799 406 1886 μὲν
435 1808 549 1869 τοίνυν
579 1799 675 1880 οὗτος
701 1799 744 1888 ἦν
771 1805 789 1870 ὁ
817 1804 990 1888 ἀδικήσας,
1022 1800 1047 1868 ὦ
1075 1808 1193 1889 βουλή,

186 1907 240 1974 καὶ
265 1908 501 1992 ἐπιβουλεύσας
522 1909 617 1993 ἡμῖν,
644 1908 699 1974 καὶ
722 1911 784 1975 οὐκ
807 1909 870 1993 ἐγὼ
894 1911 1015 1998 τούτῳ,
1037 1911 1102 1976 ὑπὸ
1125 1922 1192 1974 τῶν

187 2015 464 2099 παραγενομένων
488 2017 731 2101 μεμαρτύρηται
753 2016 843 2100 ὑμῖν.
884 2017 963 2100 μετὰ
982 2013 1019 2080 δὲ
1036 2026 1138 2082 ταῦτα
1155 2020 1192 2082 τὸ

187 2117 248 2205 μὲν
271 2121 442 2205 μειράκιον
464 2123 511 2197 είς
533 2133 694 2206 γναφεῖον
717 2121 912 2207 κατέφυγεν,
937 2118 1030 2188 οὗτοι
1054 2119 1091 2186 δὲ
1113 2139 1192 2187 συν-

188 2230 393 2303 εισπεσόντες
422 2222 505 2311 ἦγον
535 2227 636 2292 αὐτὸν
665 2231 738 2316 βίᾳ,
769 2232 900 2312 βοῶντα
928 2228 983 2294 καὶ
1012 2232 1192 2312 κεκραγότα

188 2331 241 2397 καὶ
265 2336 522 2418 μαρτυρόμενον.
564 2335 824 2419 συνδραμόντων
848 2332 879 2400 δ’
904 2334 1091 2416 ἀνθρώπων
1114 2339 1193 2398 πολ-

188 2443 256 2504 λῶν
283 2436 338 2504 καὶ
366 2438 640 2522 ἀγανακτούντων
668 2451 711 2526 τςό
741 2440 904 2524 πράγματι
931 2437 986 2504 καὶ
1013 2440 1106 2504 δεινὰ
1131 2464 1192 2523 φα-

189 2548 336 2611 σκόντων
356 2541 440 2610 εἷναι
459 2547 498 2610 τὰ
518 2548 708 2629 γιγνόμενα,
727 2557 793 2609 τῶν
812 2543 873 2629 μέν
892 2545 1079 2630 λεγομένων
1093 2541 1193 2610 οὐδὲν

189 2650 397 2735 ἐφρόντιζον,
420 2655 569 2716 Μόλωνα
592 2647 629 2714 δὲ
651 2653 710 2716 τὸν
733 2651 860 2735 γναφέα
882 2651 937 2717 καὶ
960 2654 1081 2728 ἄλλους
1102 2651 1194 2727 τινάς

154 2756 368 2840 νέπαμύνειν
402 2757 646 2842 ἐπιχειροῦντας
678 2754 873 2834 συνέκοψαν.
922 2759 985 2841 ἤδη
1019 2755 1051 2821 δ’
1083 2757 1194 2833 αὐτοῖς

190 2857 264 2927 οὖσι
292 2863 379 2947 παρὰ
406 2865 466 2947 τὴν
490 2863 677 2946 Λάμπωνος
704 2865 812 2927 οίκίαν
840 2862 902 2945 ἐγὼ
928 2865 1029 2946 μόνος
1050 2864 1194 2946 βαδίζων

190 2967 394 3052 ἐντυγχάνω,
427 2970 539 3034 δεινὸν
571 2963 601 3034 δ’
630 2969 836 3053 ἡγησάμενος
862 2964 947 3032 εἶναι
974 2966 1028 3032 καλ
1057 2969 1195 3053 αι’σχρὸν

189 3076 350 3158 περιιδεῖν
383 3073 487 3149 οὕτως
519 3072 648 3157 ἀνόμως
679 3070 732 3136 καλ
761 3075 876 3155 βιαίως
905 3071 1107 3156 ὑβρισθέντα
1135 3075 1195 3138 τὸν
1300 3149 1301 3158 ¹

188 3181 376 3261 νεανίσκον,
400 3175 659 3262 ἐπιλαμβάνομαι
682 3177 794 3242 αὐτοῦ.
840 3171 932 3242 οὗτοι
955 3176 1002 3259 δέ,
1027 3179 1111 3243 διότι
1134 3174 1195 3262 μὲν
1300 3199 1301 3270 3

189 3294 324 3352 τοιαῦτα
347 3287 562 3369 παρηνόμουν
586 3286 632 3359 είς
655 3283 794 3366 ἐκεῖνον,
818 3283 878 3348 οὐκ
901 3282 1069 3366 ἠθέλησαν
1092 3287 1196 3349 εἰπεῖν
1300 3297 1301 3352 1

191 3388 423 3475 ἐρωτηθέντες,
446 3389 604 3474 ἀφέμενοι
628 3385 664 3453 δέ
687 3397 746 3453 τοῦ
769 3391 946 3454 νεανίσκου
969 3391 1106 3454 ἔτυπτον
1131 3388 1195 3473 ἐμέ.
1300 3395 1301 3472 ξ

190 3497 294 3582 μάχης
316 3492 353 3562 δὲ
376 3495 566 3580 γενομένης,
590 3490 615 3559 ὦ
638 3496 754 3579 βουλή,
777 3493 831 3560 καλ
850 3504 910 3560 τοῦ
928 3502 1098 3579 μειρακίου
1116 3497 1195 3579 βάλ-
1300 3555 1301 3562 ,
