2668 4002
446 215 505 264 Vll.
525 215 781 266 [ΙΛΟΤΤΑΡΧΟΣ.
1077 215 1118 278 27

168 401 241 472 VII.
269 405 495 494 Gratesicleae,
519 407 701 475 Cleomenis
725 410 852 495 matris,
875 411 1066 475 constantia.

301 529 452 598 (Plutarch.
467 529 569 585 Cleom.
585 537 627 586 22.
654 531 688 584 cf.
704 531 770 585 fasc.
784 531 824 584 IV
837 549 865 600 p.
880 535 935 599 λθ.)

186 651 346 706 Cleomenes
369 653 421 720 III,
443 669 492 707 rex
516 653 800 709 Lacedaemoniorum
824 658 860 722 (a.
876 658 1041 722 235-221),
1064 671 1121 708 non

115 721 204 776 solum
223 723 253 775 in
271 723 354 777 rebus
374 721 536 778 domesticis
554 724 744 778 restaurandis
763 724 862 794 Agidis
882 725 1040 794 exemplum
1058 725 1120 778 imi-

113 797 191 846 tatus
211 793 258 850 sed
275 793 360 846 etium
375 797 466 848 totam
479 794 702 864 Peloponnesum
716 796 828 850 foedere
843 812 936 849 secum
951 794 1120 864 coniungere

113 866 230 918 conatus
257 867 308 918 est.
350 881 406 932 qua
430 863 460 917 in
482 882 512 918 re
536 865 657 920 societas
680 865 804 920 Achaica
826 869 993 936 praetorque
1015 867 1119 920 Aratus

113 951 177 988 oum
199 934 305 988 frustra
324 933 350 988 ei
368 934 559 1004 obstitissent,
582 936 755 1004 Antigonum
773 953 868 1006 regem
887 936 1072 991 Macedonum
1090 937 1120 990 in

114 1004 248 1058 auxilium
268 1006 487 1074 advocaverunt,
512 1007 561 1072 qui
580 1007 717 1060 Arcadiae
737 1007 926 1077 compluribus
945 1006 1061 1062 urbibus
1080 1006 1118 1076 (in

113 1075 158 1129 his
181 1076 285 1146 Tegea)
308 1075 475 1145 expugnatis
501 1076 675 1132 Cleomenem
700 1078 737 1131 ad
760 1077 908 1133 Sellasiam
932 1077 985 1144 (01.
1008 1085 1071 1147 139,
1095 1086 1118 1133 4.

113 1163 139 1199 a.
154 1146 217 1201 Chr.
233 1152 294 1200 2211
314 1147 426 1201 omnino
445 1145 557 1216 devicit,
576 1150 609 1201 ut
627 1165 690 1202 cum
709 1148 815 1217 paucis,
835 1148 884 1216 qui
903 1165 937 1202 ex
955 1148 1042 1203 caede
1056 1165 1119 1202 eva·

113 1216 228 1283 sissent,
255 1218 415 1286 Aegyptum
441 1218 478 1270 ad
501 1217 706 1286 Ptolomaeum,
735 1236 818 1287 quem
842 1219 899 1272 iam
922 1221 1008 1273 antea
1030 1221 1119 1274 matre

112 1286 265 1356 liberisque
284 1287 429 1342 obsidibus
447 1287 542 1342 missis
568 1288 605 1342 ad
627 1292 723 1358 partes
747 1307 811 1343 suas
834 1290 945 1343 trahere
965 1290 1119 1358 studuerat,

113 1359 209 1426 fugere
233 1361 390 1427 cogeretur,
415 1358 463 1411 ubi
486 1358 615 1428 pervim
638 1362 764 1414 retentus
785 1363 851 1430 post
867 1360 972 1414 multas
991 1359 1119 1414 miserias

114 1445 132 1482 a
148 1428 311 1483 Ptolomaeo
331 1428 488 1497 Chrysermi
511 1429 568 1483 filio
591 1429 719 1498 proditus
743 1434 772 1485 et
795 1432 830 1484 de
850 1449 898 1500 spe
918 1430 961 1484 sui
979 1430 1119 1485 liberandi

113 1499 246 1570 depulsus
264 1498 325 1569 ipse
345 1517 373 1554 se
392 1499 541 1554 interfecit.
574 1500 637 1554 Vid.
652 1519 679 1570 p.
695 1508 736 1554 29.

181 1643 276 1708 Οὕτω
305 1640 334 1708 δ’
362 1643 448 1730 αὐτῷ
476 1647 654 1728 πεπραχότι
682 1645 763 1709 κατά
786 1646 846 1727 τήν
870 1650 1042 1728 στρατείαν
1064 1645 1119 1711 καὶ
1140 1663 1152 1708 1

113 1750 315 1834 ἀπαγαγόντι
352 1751 412 1832 τήν
446 1752 589 1833 δύναμιν
621 1747 758 1834 ἑσπέρας
789 1751 853 1834 ήδη
885 1749 960 1834 περὶ
997 1749 1119 1835 Τεγέαν

113 1856 271 1940 ἀφίκοντό
298 1877 384 1930 τινες
412 1853 447 1919 ἐκ
470 1857 719 1939 Λακεδαίμονος
741 1856 802 1920 οὐκ
826 1855 982 1921 ἐλάττονα
1003 1865 1060 1940 τής
1084 1857 1120 1923 ἐν

112 1960 205 2047 χερσὶ
229 1963 409 2044 δυστυχίαν
433 1959 690 2042 ἀπαγγέλλοντες
712 1963 871 2026 τεθνάναι
889 1963 950 2045 τήν
968 1975 1119 2048 γυναῖκα,

114 2064 156 2132 δι’
179 2067 221 2150 ἣν
244 2063 322 2131 οὐδὲ
345 2077 415 2142 ταῖς
437 2066 525 2131 πάνυ
544 2067 825 2152 κατορθουμέναις
844 2067 969 2144 ἐκεῖνος
987 2067 1117 2153 ἐνεκαρ-

112 2172 197 2257 τέρει
226 2175 421 2255 στρατείαις,
449 2171 532 2236 ἀλλά
555 2170 699 2256 συνεχῶς
722 2171 914 2257 κατέβαινεν
936 2175 983 2250 είς
1005 2175 1118 2259 Σπάρ-

112 2304 185 2363 την,
208 2277 293 2361 ἐρῶν
313 2287 370 2362 τῆς
385 2275 565 2360 Ἀγιάτιδος
583 2277 638 2343 καὶ
655 2277 731 2362 περὶ
749 2283 903 2344 πλείστου
921 2281 1118 2364 ποιούμενος

114 2385 251 2468 ἐκείνην.
297 2383 418 2466 ἐπλήγη
447 2379 508 2466 μδν
535 2379 596 2448 οὖν
624 2383 678 2449 καί
705 2387 864 2468 ήλγησεν,
892 2386 936 2461 ὡς
962 2388 1048 2462 εἰκὸς
1075 2382 1151 2470 siva

113 2490 190 2556 νέον
213 2490 319 2572 ἀνδρα
341 2492 516 2572 καλλίστης
538 2487 592 2553 καὶ
617 2490 887 2573 σωφρονεστάτης
905 2489 1118 2576 ἀφῃρημένον

113 2599 279 2680 γυναικός,
302 2594 343 2659 οὐ
366 2595 431 2678 μήν
454 2593 657 2680 κατῄσχυνεν
675 2592 753 2660 οὐδὲ
771 2599 936 2679 προήκατο
955 2606 998 2684 τῷ
1018 2598 1117 2662 πάθει

113 2706 149 2768 τὸ
173 2705 326 2787 φρόνημα
348 2699 402 2765 καὶ
424 2702 461 2765 τὸ
485 2699 624 2784 μέγεθος
646 2711 702 2784 τῆς
724 2711 845 2784 ψυχῆς,
869 2700 952 2765 ἀλλά
974 2701 1028 2767 καὶ
1050 2729 1118 2788 φω-

68 2817 71 2822 ’
113 2810 176 2891 νήν
198 2805 252 2872 καὶ
277 2816 383 2890 σχῆμα
405 2803 459 2870 καί
483 2808 615 2891 μορφήν
638 2806 675 2871 έν
698 2800 723 2893 ᾧ
747 2811 908 2891 πρότερον
931 2803 1018 2892 εἶχεν
1041 2811 1117 2892 ήθει

114 2912 344 2996 διαφυλάττων
366 2913 406 2977 τά
428 2935 462 2976 τε
486 2912 717 2996 προστάγματα
739 2924 807 2989 τοῖς
827 2913 985 2997 ἡγεμόσιν
1004 2913 1117 2981 έδίδον

114 3018 167 3084 καὶ
186 3016 261 3101 περὶ
279 3027 336 3102 τής
354 3017 533 3102 ἀσφαλείας
551 3030 617 3083 τῶν
636 3022 803 3102 Τεγεατῶν
823 3019 1021 3104 ἐφρόντιζεν.
1051 3023 1117 3106 ἀμα
1137 3038 1151 3085 3

114 3121 150 3189 δέ
180 3123 284 3210 ήμέρα
313 3123 505 3207 κατέβαινεν
536 3126 582 3200 είς
609 3126 840 3209 Λακεδαίμονα
870 3123 924 3190 καί
953 3128 1033 3209 μετά
1062 3137 1118 3212 τής

113 3233 234 3314 μητρὸς
263 3236 348 3295 οίκοι
377 3227 431 3294 καὶ
460 3241 527 3294 τῶν
555 3231 683 3295 παίδων
713 3229 901 3314 ἀπαλγήσας
929 3233 965 3296 τὸ
993 3230 1117 3311 πένθος

113 3336 216 3412 εὐθὺς
242 3331 285 3419 ἦν
312 3335 348 3400 ἐν
375 3346 444 3411 τοῖς
468 3333 542 3418 περὶ
564 3347 630 3399 τῶν
654 3336 741 3400 ὅλων
765 3342 941 3420 λογισμοῖς.
987 3337 1055 3404 ἐπεὶ
1080 3337 1116 3404 δὲ
1136 3355 1152 3402 4

114 3445 317 3525 Πτολεμαῖος
346 3441 362 3506 ὁ
390 3450 447 3522 τής
470 3442 640 3523 Αἰγύπτου
663 3444 817 3523 βασιλεὺς
840 3443 1117 3527 ἐπαγγελλόμενος

96 3545 200 3633 αὐτῷ
230 3547 390 3629 βοήθειαν
417 3545 511 3629 ήξίον
539 3549 652 3630 λαβεῖν
682 3547 788 3631 όμηρα
814 3551 891 3624 τοὺς
917 3551 1036 3626 παῖδας
1062 3550 1114 3616 καὶ
