2668 4002
434 242 507 292 v111.
527 241 784 292 πλοννεεκοε.
1068 237 1118 300 29

148 396 237 463 VIlL
266 396 447 464 Cleomenis
471 400 557 485 regis
581 399 908 464 Lacedaemoniorum
931 421 1018 464 mors
1041 402 1074 462 et

420 495 535 560 Pontei
559 496 668 560 uxoris
692 495 804 560 virtus.

138 605 287 676 (Plutarch
308 607 410 662 Cleom
431 613 533 663 ³138.
560 609 1017 682 of.faso.IVp.22etsuprap
1033 609 1086 677 2¹1.)

170 711 257 779 Ἐπεὶ
280 717 360 780 κατά
383 718 485 800 τύχην
508 717 525 784 ὁ
545 722 750 802 Πτολεμαῖος
767 720 815 793 εἰς
834 718 999 799 Κάνωβον
1017 714 1114 799 ἐξώρ-
1134 731 1146 776 1

108 837 205 902 μησε,
234 833 365 904 πρῶτον
394 818 454 906 μὲν
482 822 640 888 διέδωκεν
668 823 686 889 δ
711 821 898 906 Κλεομένης
926 824 1042 904 λόγον,
1069 801 1146 896 ὡς01
1154 801 1218 891 1άάίέ

108 928 307 1008 παραλύοιτο
330 937 387 1011 τῆς
409 928 596 1012 φυλακῆς*
580 931 644 994 υπὸ
668 939 727 994 τοῦ
751 927 922 1013 βασιλέως·
946 930 1055 992 ἔπειτα
1078 906 1186 990 ἐκἱ18

108 1053 197 1108 τινος
219 1036 320 1109 ἐθονς
342 1038 516 1116 βασιλικοῦ
539 1045 607 1110 τοῖς
630 1033 807 1118 μέλλουσιν
830 1032 901 1110 ἐξε
887 1034 1013 1117 είρκτης
1035 1031 1113 1097 ἀπο-

108 1135 248 1202 λύεσθαι
276 1139 412 1204 δείπνου
439 1163 474 1204 τε
501 1138 713 1224 πεμπομένου
740 1138 795 1204 καὶ
823 1137 939 1216 ξενίων
968 1162 986 1203 o
988 1138 1113 1222 ίφίλοι

108 1245 213 1308 πολλά
236 1253 437 1332 τοιαῦτατῷ
462 1243 640 1329 Κλεομένει
663 1245 967 1330 παρασκευάσαντες
990 1242 1114 1321 ἔξωθεν

108 1347 320 1432 εἰσέπεμψαν,
343 1349 563 1428 ἐξαπατῶντες
584 1354 662 1428 τοὺς
684 1353 832 1435 φύλακας
855 1347 1027 1433 οἰομένους
1048 1349 1112 1414 ὑπὸ

109 1464 168 1520 τοῦ
190 1455 350 1539 βασιλέως
373 1455 583 1522 ἀπεστάλθαι.
616 1456 750 1540 καὶγὰρ
771 1459 850 1521 ἐθνε
869 1454 922 1520 καὶ
941 1441 1113 1540 μετεδίδου

109 1561 236 1626 τούτων
264 1561 422 1647 ἀφθόνως
449 1563 561 1639 αὐτοῖς
588 1561 642 1627 καὶ
672 1559 829 1638 έπιτνθεὶς
856 1561 1038 1645 στεφάνους
1059 1559 1113 1625 καὶ

108 1666 317 1744 κατακλιθεὶς
339 1669 481 1734 εἱστιᾶτο
505 1670 584 1753 μετὰ
607 1681 672 1733 τῶν
696 1673 813 1752 φίλων.
851 1665 977 1749 λέγεται
1000 1662 1037 1730 δέ
1059 1666 1148 1730 τάν

109 1795 182 1853 χιον
206 1773 226 1856 ἢ
251 1775 420 1856 διεγνώκει
443 1777 524 1859 πρὸς
542 1776 603 1857 τὴν
621 1772 741 1851 πρᾶξιν
760 1774 912 1856 ὁρμῆσαι,
935 1774 1115 1836 συναισθό·

109 1899 208 1958 μενος
238 1878 367 1962 οἰκέτην
399 1880 457 1944 ἕνα
488 1891 554 1944 τῶν
586 1880 788 1944 συνειδότων
819 1879 880 1961 την
907 1875 1026 1962 πρᾶξιν
1054 1876 1115 1955 ἐξω

109 1986 198 2070 παρά
230 1984 361 2067 γυναικὶ
392 1985 646 2070 κεκοιμημένον,
677 1980 716 2067 ἧς
746 1986 818 2069 ἦρα.
868 1982 923 2074 καὶ
953 1980 1116 2068 φοβηθεὶς

110 2093 264 2174 μηνυσιν,
294 2091 406 2174 ἐπειδὴ
436 2090 537 2174 μέσον
567 2091 687 2175 ἡμέρας
714 2086 757 2173 ην
784 2089 838 2155 καὶ
865 2093 942 2166 τοὺς
968 2091 1115 2174 φύλακας

110 2192 233 2277 ᾔσθετο
256 2198 482 2273 καθεύδοντας
504 2197 569 2261 ὑπὸ
591 2205 649 2279 της
671 2194 791 2280 μέθης,
814 2196 1034 2280 ἐνδυσάμενος
1056 2197 1115 2260 τὸν

111 2314 232 2383 χιτῶνα
259 2300 314 2366 καὶ
341 2303 401 2386 την
429 2303 550 2387 ῥαφὴνΙ
567 2301 603 2366 εἰι
627 2312 687 2367 τοῦ
711 2301 821 2379 δεξιοῦ
844 2302 1116 2385 παραλυσάμενος

111 2405 214 2490 ὤμου,
243 2417 358 2492 γυμνῷ
388 2417 432 2494 τῷ
463 2408 550 2491 ξίφει
580 2409 659 2492 μετά
688 2419 753 2472 τῶν
781 2412 890 2491 φίλων
918 2405 1115 2490 ἐξεπήδησεν

112 2509 399 2596 ἐνεσκευασμένων
420 2515 551 2596 ὁμοίως,
574 2516 753 2592 δεκατριῶν
773 2516 887 2579 ὄντων.
916 2513 1059 2588 Ἱππίτας
1078 2509 1115 2576 δὲ
1134 2527 1149 2575 3

110 2621 215 2700 χωλὸς
239 2619 285 2682 ὧν
308 2627 346 2702 τῇ
371 2615 430 2702 μὲν
452 2619 562 2704 πρώτη
587 2617 800 2695 συνεξέπεσεν
820 2619 904 2703 ὁρμῇ
923 2619 1116 2702 προθύμως,

111 2721 216 2800 ὡςδὲ
240 2722 325 2803 ἑώρα
348 2728 559 2807 σχολαίτερον
582 2723 825 2807 πορευομένους
849 2723 892 2790 δι’
913 2724 1025 2806 αὐτόν,
1049 2722 1115 2788 ἐκέ-

111 2833 229 2894 λευσεν
252 2829 382 2895 ἀνελεῖν
404 2829 459 2895 καὶ
482 2833 525 2914 μη
550 2832 759 2915 διαφθείρειν
781 2832 842 2913 την
864 2829 994 2912 πρᾶξιν,
1018 2831 1115 2914 ἀχρη-

111 2951 191 3001 στον
214 2937 396 3019 ἄνθρωπον
418 2935 661 3020 περιμένοντας.
707 2938 798 3019 ἔτυχε
823 2932 859 3000 δὲ
882 2946 948 3000 τῶν
968 2933 1116 3012 Ἀλεξαν·

112 3041 220 3126 δρέων
246 3065 296 3117 τις
318 3042 419 3106 ἵππον
442 3042 533 3124 ἀμων
555 3042 642 3124 παρὰ
666 3041 724 3116 τάς
745 3042 869 3124 θύρας·
896 3051 1015 3106 τοῦτον
1039 3041 1118 3126 ἀφε-

112 3151 247 3233 λόμενοι
271 3145 325 3211 καὶ
348 3149 407 3211 τὸν
421 3143 571 3211 Ἱππίταν
591 3145 811 3228 ἀναβαλόντες
829 3144 985 3230 ἐφέροντο
1005 3148 1117 3235 δρόμῳ

112 3254 168 3319 διὰ
190 3266 256 3319 τῶν
279 3262 455 3317 στενωπῶν
479 3250 533 3315 καὶ
556 3252 763 3334 παρεκάλουν
786 3253 844 3317 τὸν
868 3253 967 3336 ὄχλον
986 3251 1038 3317 ἐπὶ
1057 3254 1117 3336 την

113 3356 313 3443 ἐλευθερίαν.
350 3369 421 3434 τοῖς
440 3353 476 3420 δέ
495 3367 668 3438 τοσοῦτον,
692 3357 736 3433 ὡς
755 3359 872 3437 ἔοικεν,
891 3356 990 3441 ἀλκῆς
1007 3367 1118 3442 μετῆν,
1136 3374 1152 3421 4

30 3453 35 3463 ’
112 3463 192 3531 ὅσον
218 3466 364 3530 ἐπαινεῖν
387 3462 442 3528 καὶ
464 3464 646 3546 θαυμάζειν
669 3465 729 3546 τὴν
748 3474 806 3529 τοῦ
824 3463 1028 3548 Κλεομένους
1044 3468 1117 3529 τόλ-

113 3593 190 3654 μαν,
214 3571 414 3636 ἀκολουθεῖν
438 3565 475 3634 δὲ
498 3567 552 3633 καὶ
576 3573 715 3653 βοηθεῖν
740 3568 849 3646 οὐδεὶς
872 3570 1013 3655 ἐθάρρει.
1059 3571 1152 3635 τὸνο
