2668 4002
198 191 241 254 44
526 196 572 247 xl.
592 192 879 263 [Δεινονοενεινη

198 355 402 438 ὀγδοήκοντα
430 350 466 418 δέ
494 352 548 418 καὶ
577 352 692 418 ἑκατὸν
716 355 861 438 δραχμάς
884 352 938 417 καὶ
961 364 1048 436 τρεῖς
1070 350 1125 417 καὶ
1149 348 1200 418 δύ’

199 460 306 543 ὀβολὼ
325 461 385 542 τήν
405 460 598 558 ἐπωβελίην,
619 460 793 543 τριάκοντα
813 456 849 525 δὲ
868 461 907 524 τά
926 471 1104 543 πρυτανεῖα
1123 459 1203 533 (τῶν

198 567 260 649 γάρ
284 568 394 630 ἀλλων
417 563 516 632 οὐδὲν
540 567 627 654 αὐτῷ
653 565 823 649 ἐπιτιμίων
846 561 985 651 ὦφλον),
1009 567 1120 649 λαβὼν
1138 569 1202 629 τοί-

197 695 261 736 νυν
287 669 362 754 παρ’
388 671 468 755 ἐμοῦ
493 670 545 736 ἐπὶ
568 682 606 757 τῇ
630 672 767 758 τραπέζῃ
790 676 895 757 χιλίας
917 675 1104 753 τριακοσίας
1126 669 1203 736 δέκα

197 787 284 860 τρεῖς
314 773 367 841 δύ’
398 778 504 861 ὀβολὼ
535 781 571 842 τὸ
602 780 734 861 σύμπαν
764 779 959 862 κεφάλαιον,
989 777 1203 852 ἀπαιτοῦντος

199 883 280 967 ἐμοῦ
311 884 350 947 τά
381 908 415 949 τε
448 888 595 967 πρόβατα
628 883 682 949 καὶ
711 883 923 968 τάνδράποδα
951 882 1006 949 καλ
1035 885 1074 948 τά
1104 885 1202 966 σκεύη

198 989 219 1054 ἀ
241 988 378 1072 ἡρπάκει
401 1014 477 1073 μου,
501 991 561 1054 οὐκ
584 993 645 1074 ε”φη
670 989 855 1055 ἀποδώσειν
879 1013 947 1073 μοι,
969 991 1000 1053 εί
1017 991 1060 1073 μή
1079 1013 1128 1066 τις
1147 989 1202 1054 αύ-

198 1098 256 1161 τὸν
284 1094 403 1178 ἀφήσει
431 1094 484 1160 καὶ
507 1098 584 1171 τοὺς
607 1093 675 1179 μετ’
702 1095 804 1160 αὐτοῦ
827 1107 894 1159 τῶν
917 1093 1127 1179 ἐγκλημάτων
1150 1093 1202 1160 καὶ

149 1216 180 1262 14
197 1204 276 1276 τοὺς
303 1202 468 1285 μάρτυρας
494 1213 560 1265 τῶν
588 1203 890 1285 ψευδομαρτυριῶν.
937 1211 1037 1266 ταῦτα
1068 1199 1097 1267 δ’
1125 1200 1203 1266 ἀπο-

198 1306 396 1391 κριναμένου
420 1309 534 1388 αὐτοῦ,
557 1307 724 1393 μάρτυρας
746 1303 806 1390 μὲν
830 1307 1033 1389 ἐποιησάμην
1051 1316 1107 1390 τής
1126 1307 1202 1371 ἀπο-

198 1416 334 1495 κρίσεως
357 1415 434 1487 τοὺς
455 1416 635 1496 παρόντας,
657 1413 718 1495 τήν
742 1408 778 1476 δὲ
803 1414 898 1494 δίκην
915 1408 1065 1494 ἐξέτεισα,
1085 1412 1204 1496 ὑπερή-

199 1541 301 1602 μερον
336 1519 399 1602 γάρ
437 1518 497 1583 οὐκ
529 1517 623 1606 η’ίμην
656 1519 728 1582 δεῖν
760 1517 901 1601 ἐμαυτὸν
934 1514 1026 1583 εἶναι.
1078 1519 1137 1583 τὸν
1170 1517 1198 1582 δ’

199 1624 348 1707 Εὔεργον
377 1624 448 1689 οὐδ’
474 1623 569 1710 ᾔδειν
597 1626 834 1707 είσεληλυθότα
856 1648 921 1707 μου
945 1626 992 1699 είς
1013 1625 1073 1708 τήν
1097 1625 1204 1688 οίκίαν

197 1731 298 1816 ταύτη
326 1740 364 1815 νή
391 1729 511 1817 ἡμέρᾳ,
538 1728 609 1795 ἀλλ’
637 1730 752 1794 αὐτίκα
779 1730 800 1814 ή
829 1731 902 1813 δίκη
922 1728 1125 1814 ἐξετέτειστο,
1150 1728 1204 1794 καὶ

199 1831 286 1921 εἶχεν
320 1836 337 1901 ὁ
374 1840 547 1921 Θεόφημος
580 1837 620 1900 τά
654 1859 688 1900 τε
723 1839 871 1919 πρόβατα
905 1838 959 1899 καὶ
992 1834 1206 1918 τάνδράποδα

199 1940 253 2006 καὶ
279 1943 319 2006 τά
347 1944 445 2025 σκεύη
468 1944 507 2007 τά
530 1951 568 2027 πή
592 1946 769 2027 προτεραίᾳ
791 1944 1043 2024 περιγενόμενα,
1070 1940 1125 2006 καὶ
1148 1942 1204 2024 ἀγ-

198 2053 293 2131 γελος
319 2045 407 2132 ήλθέ
431 2073 487 2132 μοι
515 2052 694 2124 λιθοκόπος
719 2072 769 2124 τις
794 2050 832 2112 τὸ
859 2051 1000 2128 πλησίον
1026 2044 1125 2130 μνῆμ’
1154 2047 1205 2131 ε’ρ-

199 2157 385 2238 γαζόμενος,
409 2155 458 2219 ὅτι
482 2156 581 2219 πάλιν
600 2161 721 2239 οίχεται
736 2155 884 2236 Εύεργος
902 2153 940 2216 τά
958 2153 1122 2218 ὑπόλοιπά
1140 2177 1206 2236 μου

200 2261 300 2342 σκεύη
325 2259 507 2343 ἐκφορήσας
530 2260 565 2325 ἐκ
588 2270 644 2343 τῆς
668 2262 779 2336 οίκίας.

150 2383 179 2430 15
262 2364 392 2449 Ἐπειδὴ
415 2370 545 2448 τοίνυν,
573 2361 599 2430 ὧ
623 2367 742 2449 ἀνδρες
766 2367 931 2447 δικασταί,
955 2364 1206 2447 ἐπαγγείλαντός

199 2496 263 2556 μου
292 2471 378 2558 αὐτῷ
407 2474 605 2552 θεραπεύειν
633 2474 694 2556 τήν
718 2473 913 2554 ἄνθρωπον,
940 2470 982 2554 ἣν
1007 2470 1206 2554 συνέκοψαν,

198 2577 253 2642 καλ
276 2579 388 2660 ἰατρὸν
411 2579 572 2660 είσάγειν,
597 2578 658 2642 οὐκ
681 2577 887 2662 ἐφρόντιζεν,
911 2576 973 2659 ἐγὼ
998 2577 1096 2654 αὐτὸς
1118 2579 1205 2661 εἰσή-

199 2708 303 2767 γαγον
331 2686 459 2765 ίατρόν,
490 2677 515 2770 ᾧ
544 2681 638 2749 πόλλ’
665 2687 719 2767 ἐτη
749 2684 915 2767 ἐχρώμην,
946 2681 981 2759 ὃς
1004 2681 1205 2767 ἐθεράπευεν

199 2790 302 2873 αὐτήν
325 2788 571 2871 ἀρρωστοῦσαν,
594 2788 648 2854 καὶ
672 2789 819 2866 ἐπέδειξα
838 2791 881 2865 ὡς
899 2785 998 2874 εἶχεν,
1021 2792 1205 2873 είσαγαγδιν

199 2896 372 2978 μάρτυρας.
418 2893 560 2971 ἀκούσας
589 2892 624 2959 δὲ
649 2904 707 2960 τοῦ
732 2897 861 2980 ίατροῦ,
889 2895 938 2959 ὅτι
962 2895 1062 2960 οὐδὲν
1086 2894 1129 2960 ἐτ’
1156 2903 1205 2978 είη

199 3001 218 3084 ή
243 3003 435 3083 ἀνθρωπος,
457 3001 556 3065 πάλιν
582 2999 710 3083 ἑτέρους
734 3001 901 3086 μάρτυρας
922 3003 1122 3084 παραλαβὼν
1145 3004 1205 3085 τήν

198 3104 225 3172 τ’
254 3107 435 3188 ἀνθρωπον
460 3106 607 3184 ἐπέδειξα
631 3108 674 3184 ὡς
697 3103 778 3191 εἶχε,
801 3105 856 3171 καλ
880 3107 1055 3189 ἐπήγγειλα
1078 3109 1206 3183 τούτοις

197 3213 404 3291 θεραπεύειν.
449 3211 524 3297 ἕκτη
552 3217 668 3277 τοίνυν
691 3210 794 3299 ήμέρηι
817 3212 957 3295 ὕστερον
980 3211 1000 3295 ή
1025 3207 1116 3277 οὗτοι
1140 3215 1204 3278 είσ-

199 3324 306 3402 ήλθον
331 3321 377 3394 είς
399 3319 460 3401 τήν
484 3321 608 3400 οίκίαν,
632 3317 839 3402 ἐτελεύτησεν
863 3318 882 3400 ή
907 3322 1013 3402 τίτθη.

150 3443 180 3490 16
263 3422 392 3507 Ἐπειδὴ
416 3427 531 3488 τοίνυν
555 3424 774 3507 ἐτελεύτησεν,
797 3419 905 3508 ήλθον
929 3424 972 3500 ὡς
994 3427 1071 3500 τοὺς
1094 3423 1205 3509 ἐξηγη-

199 3532 266 3614 τάς,
289 3532 344 3595 ’ίνα
368 3519 503 3611 εἰδείητε,
527 3529 544 3594 ό
568 3553 598 3594 τι
622 3554 661 3613 με
684 3531 745 3615 χρὴ
768 3541 876 3596 ποιεῖν
899 3531 973 3614 περὶ
992 3529 1129 3613 τούτων,
1151 3529 1202 3595 καλ
