2668 4002
551 217 580 268 v.
600 213 781 272 ΞΕΝΟΦΩΝ.
1120 215 1163 280 23

156 374 310 459 θηκέναι,
341 374 359 439 δ
382 380 526 441 καλεῖται
550 379 639 458 θῆλυ
661 374 716 441 καὶ
736 377 848 459 άρρεν,
872 375 959 452 ὅπως
978 375 1028 440 ὅτι
1047 375 1163 460 ὠφελι-

159 481 307 563 μώτατον
330 473 350 564 ᾖ
375 480 462 568 αὑτῷ
487 483 533 557 είς
554 481 615 564 τὴν
639 486 824 546 κοινωνίαν.
864 493 995 566 πρῶτον
1018 477 1078 564 μὲν
1101 482 1163 564 γάρ
1185 498 1215 544 14

158 595 218 652 τοῦ
248 587 291 670 μη
322 585 466 651 ἐκλιπεῖν
498 584 587 673 ζῴων
617 585 695 669 γένη
725 597 822 652 τοῦτο
853 589 889 651 τὸ
921 590 1032 669 ζεῦγος
1060 599 1163 652 κεῖται

159 689 225 776 μετ’
250 691 401 775 άλληλον
424 693 733 776 τεκνοποιούμενον,
757 695 865 757 ἔπειτα
884 694 921 757 τὸ
940 695 1164 776 γηροβοσκοὺς

158 805 337 884 κεκτῆσθαι
368 796 496 874 ἑαυτοῖς
526 800 562 864 ἐκ
591 800 710 865 τούτου
737 809 798 864 τοῦ
827 800 959 880 ζεύγους
986 811 1054 875 τοῖς
1081 809 1163 882 γοῦν

158 904 350 990 ἀνθρώποις
372 907 548 982 πορίζεται·
572 907 681 970 ἔπειτα
705 901 741 969 δὲ
764 902 817 969 καὶ
840 904 860 987 ἡ
885 906 993 970 δίαιτα
1017 917 1085 980 τοῖς
1107 904 1164 969 άν-

159 1013 308 1095 θρώποις
335 1011 396 1095 οὐχ
424 1012 533 1095 ὥσπερ
560 1023 629 1088 τοῖς
651 1014 804 1095 κτηνεσίν
827 1010 917 1075 ἐστιν
940 1010 976 1076 ἐν
998 1010 1164 1098 ὑπαίθρῳ,

75 1141 77 1146 ·
159 1115 242 1182 άλλδι
265 1129 411 1199 στεγνῶν
434 1119 538 1182 δείται
562 1119 664 1199 δῆλον
687 1117 745 1181 ὅτι.
791 1118 844 1180 δεῖ
864 1114 976 1200 μέντοι
999 1128 1067 1192 τοῖς
1089 1116 1163 1200 μέλ-

158 1228 276 1289 λουσιν
299 1223 395 1307 ἕξειν,
418 1222 436 1286 δ
457 1248 489 1288 τι
513 1222 709 1307 εἰσφέρωσιν
733 1225 778 1299 είς
801 1225 837 1288 τὸ
861 1225 1011 1305 στεγνόν,
1033 1233 1093 1288 τοὺ
1113 1223 1164 1306 ἐρ-

159 1327 345 1412 γασομένου
381 1329 438 1405 τάς
470 1329 507 1394 ἐν
539 1340 583 1416 τῷ
615 1328 769 1417 ὑπαίθρῳ
802 1327 961 1412 ἐργασίας.
1013 1327 1068 1393 καλ
1101 1330 1162 1415 γάρ
1184 1347 1215 1394 15

158 1437 271 1510 νεατὸς
307 1433 362 1499 καλ
396 1437 518 1512 σπόρος
549 1432 603 1499 καὶ
634 1438 753 1518 φυτεία
784 1431 838 1499 καὶ
869 1432 969 1517 νομαὶ
1001 1435 1163 1519 ὑπαίθρια

159 1550 260 1606 ταῦτα
287 1541 393 1606 πάντα
422 1545 502 1625 ἔργα
529 1539 631 1606 ἐστίν·
665 1540 699 1605 ἐκ
726 1541 853 1606 τούτων
876 1535 913 1604 δὲ
936 1540 974 1604 τδι
999 1539 1164 1624 ἐπιτήδεια

159 1651 314 1730 γίγνεται.
361 1649 414 1712 δεῖ
440 1645 470 1711 δ’
496 1642 555 1729 αὖ,
583 1645 716 1712 ἐπειδᾶν
739 1657 840 1711 ταῦτα
862 1647 1034 1731 είσενεηθῇ
1058 1649 1104 1723 είς
1126 1649 1163 1712 τὸ

159 1755 320 1835 στεγνόν,
331 1751 385 1817 καὶ
408 1763 467 1818 τοῦ
486 1750 648 1839 σῴσοντος
661 1760 774 1836 ταῦτα,
790 1749 844 1816 καὶ
862 1761 922 1817 τοῦ
941 1750 1162 1836 ἐργασομένου

160 1851 190 1921 δ’
221 1856 241 1921 ὑ
272 1868 339 1923 τῶν
369 1870 517 1941 στεγνῶν
545 1861 623 1942 ἔργα
654 1858 792 1942 δεόμενά
823 1857 898 1923 ἐστι.
950 1869 1095 1940 στεγνῶν
1127 1854 1164 1923 δὲ

160 1966 263 2028 δεῖται
290 1961 344 2028 καὶ
371 1963 392 2046 ἡ
420 1974 486 2028 τῶν
513 1975 661 2047 νεογνῶν
686 1962 809 2028 τέκνων
831 1965 1066 2048 παιδοτροφία,
1094 1980 1163 2027 στε-

159 2081 248 2151 γνῶν
272 2065 308 2134 δὲ
330 2067 385 2134 καὶ
409 2070 446 2133 αλ
462 2069 497 2134 ἐκ
515 2079 575 2134 τοῦ
593 2079 721 2150 καρποῦ
740 2074 916 2135 σιτοποιιάι
936 2067 1077 2135 δέονται·
1101 2070 1164 2134 ὡσ-

159 2176 266 2252 αύτως
293 2171 330 2239 δὲ
358 2172 412 2239 καὶ
440 2174 460 2257 ἡ
488 2183 544 2258 τῆς
571 2173 710 2257 ἐσθῆτος
737 2174 773 2240 ἐκ
799 2187 866 2240 τῶν
895 2175 993 2260 ἐρίων
1019 2175 1163 2259 ἐργασία.

159 2279 228 2345 ἐπεὶ
252 2275 282 2345 δ’
305 2279 473 2364 ἀμφότερα
494 2290 595 2346 ταῦτα
617 2278 672 2344 καὶ
696 2283 801 2364 ἐργων
824 2278 878 2344 καλ
897 2278 1079 2364 ἐπιμελείας
1098 2283 1162 2345 δεί-
1185 2301 1215 2347 16

159 2411 211 2451 ται
238 2387 278 2451 τά
301 2410 334 2451 τε
358 2389 456 2451 ἔνδον
479 2383 534 2450 καὶ
556 2387 595 2450 τά
620 2385 695 2469 ἐξω,
723 2384 777 2451 καὶ
800 2387 861 2470 τὴν
884 2384 1022 2471 φύσιν”,
1049 2386 1163 2470 φάναι,

160 2492 287 2568 “εύθὺς
310 2493 553 2577 παρεσκεύασεν
576 2492 594 2558 δ
617 2496 707 2574 θεός,
732 2493 775 2568 ὡς
799 2490 871 2576 ἐμοὶ
895 2494 996 2574 δοκεῖ,
1019 2493 1079 2575 τὴν
1103 2487 1163 2576 μὲν

160 2607 216 2680 της
238 2600 394 2680 γυναικὸς
417 2595 469 2663 ἐπὶ
492 2598 531 2662 τά
555 2599 654 2662 ἔνδον
677 2601 756 2682 ἔργα
779 2596 832 2662 καὶ
851 2597 1081 2682 ἐπιμεληματα,
1105 2599 1163 2681 τὴν

161 2701 197 2768 δέ
225 2714 285 2768 τοῦ
309 2703 430 2787 ἀνδρὸς
454 2701 506 2767 ἐπὶ
528 2704 567 2768 τά
591 2703 660 2781 ἐξω.
707 2704 783 2788 ῥίγη
807 2700 867 2787 μὲν
890 2704 953 2789 γάρ
976 2702 1029 2768 καὶ
1052 2705 1163 2789 θάλπη

159 2807 214 2874 καὶ
237 2809 427 2894 ὁδοιπορίας
449 2811 503 2874 καὶ
527 2813 695 2891 στρατείας
717 2819 776 2875 τοῦ
799 2809 920 2893 ἀνδρὸς
942 2812 979 2875 τὸ
999 2821 1092 2894 σῶμα
1110 2810 1164 2875 καὶ

159 2916 219 2998 τὴν
247 2917 357 3000 ψυχὴν
384 2921 511 3000 μᾶλλον
534 2917 701 2980 δύνασθαι
723 2927 892 3001 καρτερεῖν
915 2917 1163 2981 κατεσκεύασεν·

160 3021 241 3084 ὥστε
265 3022 304 3085 τά
328 3020 389 3099 ἔξω
409 3020 560 3098 ἐπέταξεν
579 3020 666 3109 αύτῷ
688 3024 779 3106 ἔργα·
803 3031 840 3106 τῇ
861 3018 898 3086 δέ
916 3020 1047 3104 γυναικὶ
1066 3017 1163 3106 ἧττον
1184 3040 1213 3087 17

159 3128 196 3191 τὸ
227 3137 319 3210 σῶμα
350 3128 494 3192 δυνατὸν
523 3129 605 3207 πρὸς
631 3137 732 3192 ταῦτα
758 3128 865 3211 φύσας
892 3128 930 3191 τά
959 3129 1057 3193 ἔνδον
1085 3131 1163 3212 έργα

160 3231 278 3316 αύτη”,
300 3232 402 3316 φάναι
426 3235 504 3317 ἔφη,
529 3231 730 3316 “προστάξαι
754 3256 808 3315 μοι
833 3232 925 3297 δοκεῖ
946 3233 964 3298 δ
987 3237 1072 3310 θεός.
1119 3235 1162 3298 εί-

160 3338 225 3413 δὼς
249 3336 297 3420 δέ,
320 3337 370 3402 ὅτι
393 3347 431 3422 τῇ
456 3334 586 3419 γυναικὶ
607 3335 661 3401 καὶ
681 3335 818 3420 ἐνέφυσε
837 3334 890 3401 καὶ
908 3337 1083 3420 προσέταξε
1102 3340 1163 3422 τὴν

159 3454 226 3508 τῶν
257 3453 405 3525 νεογνῶν
436 3443 561 3509 τέκνων
593 3444 736 3526 τροφήν,
767 3440 821 3507 καὶ
853 3452 912 3508 τοῦ
943 3443 1092 3528 στέργειν
1123 3447 1163 3510 τὰ

159 3549 280 3633 νεογνά
303 3547 408 3633 βρέφη
432 3553 546 3614 πλεῖον
569 3547 650 3632 αὐτῇ
674 3546 812 3612 ἐδάσατο
835 3547 855 3631 ἢ
879 3557 922 3636 τςό
948 3547 1054 3633 ἀνδρί.
1094 3549 1162 3615 ἐπεὶ
