2668 4002
197 221 236 285 16
532 224 579 276 1v.
596 222 858 276 ΔΗωοΣοωαΗΣ.

193 379 249 446 καὶ
272 381 466 467 ἀνανδρίαν,
489 385 526 447 τὸ
551 379 587 447 δὲ
610 381 730 447 ταύτὸν
753 385 839 466 ἔχειν
863 391 981 447 τοῦτον
998 381 1078 466 ἡμῖν
1096 382 1200 463 ὄνομα

197 489 251 552 διὰ
274 486 367 552 πόλλ’
390 487 557 553 ἀδύνατον
578 483 630 571 ἦν.

160 609 175 657 ν
262 598 403 678 Πρῶτον
426 590 487 678 μὲν
510 593 585 678 γάρ,
607 595 638 658 εί
657 595 711 658 δεῖ
727 594 765 658 τά
784 595 878 658 κοινά
897 605 963 658 τῶν
983 594 1078 658 ίδίων
1096 594 1200 656 εἰπεῖν

194 702 368 785 πρότερον,
390 694 453 764 τίν’
469 699 549 783 ἡμῖν
566 698 587 781 ἡ
606 703 701 774 πόλις
719 698 859 776 ἐπιτάξει
878 703 1013 782 τρόπον,
1031 700 1073 764 άν
1091 722 1122 763 τι
1141 696 1199 782 δέη

194 816 316 882 ποιείνς
346 811 474 870 οἴσουσι
497 807 539 888 νὴ
563 803 620 869 Δί’
648 807 683 870 οί
702 804 840 890 φυλέται
863 807 921 870 τὸν
943 804 1044 869 αὐτὸν
1066 807 1200 888 τρόπον,
1318 863 1319 872 .

196 911 297 996 ὅνπερ
325 909 379 975 καὶ
407 914 484 988 τοὺς
506 911 634 986 ἄλλους.
681 911 805 976 οὐκοῦν
828 914 1023 976 Μαντίθεον
1045 913 1199 975 Μαντίου

195 1019 351 1100 Θορίκιον
384 1023 549 1100 οίσονσιν,
582 1015 639 1080 ἐάν
671 1019 814 1102 χορηγὸν
845 1016 865 1100 ἣ
898 1019 1144 1101 γυμνασίαρχον
1179 1014 1199 1099 ἢ

196 1120 354 1206 ἑστιάτορ’
376 1121 397 1206 ἢ
420 1123 462 1187 άν
485 1145 516 1186 τι
539 1133 605 1186 τῶν
628 1123 739 1186 άλλων
762 1121 918 1206 φέρωσιν.
953 1131 997 1210 τῷ
1017 1125 1119 1205 δῆλον
1138 1117 1200 1187 οὖν

161 1245 176 1292 3
197 1230 297 1311 ε’σται,
319 1231 459 1311 πότερον
482 1223 518 1292 σὲ
541 1227 702 1312 φέρουσιν
725 1226 745 1310 ἦ
769 1226 839 1310 ἐμός
864 1231 904 1292 σὺ
924 1225 984 1311 μὲν
1004 1229 1066 1312 γὰρ
1085 1230 1201 1312 φήσεις

197 1331 268 1417 ἐμέ,
291 1333 353 1417 ἐγὼ
378 1329 414 1396 δὲ
439 1332 483 1397 σε’.
529 1330 583 1396 καὶ
607 1334 648 1416 δὴ
672 1337 766 1398 καλεῖ
786 1334 864 1417 μετά
887 1330 982 1398 τοῦθ’
1006 1334 1023 1399 ὁ
1047 1333 1199 1418 άρχωνῆ

196 1441 277 1522 πρὸς
299 1435 401 1502 ὅντιν’
424 1437 465 1503 δν
486 1431 516 1524 ᾖ.
553 1439 613 1522 οὐχ
632 1439 854 1522 ὑπακούομεν,
877 1440 917 1504 οὐ
936 1444 1200 1524 λειτουργοῦμεν.

195 1548 333 1629 πότερος
354 1557 423 1619 ταῖς
446 1543 482 1608 ἐκ
504 1555 570 1608 τῶν
593 1547 705 1628 νόμων
724 1547 813 1609 ἔσται
834 1548 958 1629 ζημίαις
976 1548 1102 1632 ἒνοχος;
1126 1550 1201 1611 τίνα

197 1647 227 1714 δ’
254 1651 289 1715 οί
313 1648 488 1733 στρατηγοὶ
515 1652 638 1735 τρόπον
667 1649 907 1735 ἐγγράψουσιν,
934 1651 976 1716 άν
1002 1654 1049 1729 είς
1076 1669 1199 1736 συμμο-

197 1760 273 1840 ρίαν
297 1755 519 1839 ἐγγράφωσιν,
543 1755 563 1839 ἢ
586 1755 628 1820 ἂν
651 1758 849 1842 τριήραρχον
872 1763 1089 1835 καθιστῶσιν;
1114 1757 1134 1841 ἦ
1158 1757 1200 1822 άν

196 1865 346 1946 στρατεία
369 1885 417 1937 τις
437 1855 470 1948 ᾖ,
493 1871 537 1949 τῷ
562 1864 665 1944 δῆλον
684 1865 785 1944 ἔσται,
807 1865 943 1945 πότερός
962 1861 1036 1928 ἐσθ’
1060 1865 1200 1930 ὁκατει-

161 1966 367 2052 ελεγμόνοςς
399 1971 433 2032 τί
458 1965 505 2052 δ’,
532 1967 573 2033 δν
602 1969 683 2051 άλλη
701 1992 760 2050 Ιτις
787 1967 868 2054 ἀρχὴ
891 1975 1031 2054 καθιστῇ
1055 1975 1199 2056 λειτουρ-

196 2087 283 2158 γεῖν,
314 2065 386 2139 οἷον
416 2075 543 2158 άρχων,
574 2075 743 2158 βασιλεύς,
775 2073 972 2157 ἀθλοθέται,
1004 2080 1038 2140 τί
1064 2088 1200 2159 σημεῖον

197 2184 298 2259 ἔσται,
319 2183 459 2259 πότερον
479 2186 692 2258 καθιστάσιν;
715 2181 1054 2265 προσπαραγράψουσι
1072 2183 1113 2265 νὴ
1133 2185 1200 2247 Δία

197 2285 266 2352 ’τὸν
290 2285 325 2351 ἐκ
348 2284 570 2368 Πλαγγόνος’,
598 2285 640 2350 διν
664 2282 700 2350 σὲ
723 2287 910 2370 γράφωσιν,
933 2285 975 2350 δν
999 2284 1029 2350 δ’
1051 2285 1122 2370 όμό,
1144 2298 1201 2370 της

197 2392 275 2477 ἐμῆς
297 2394 417 2477 μητρὸς
438 2391 594 2473 τοῦνομα.
630 2390 685 2455 καὶ
708 2395 756 2467 τίς
778 2393 898 2474 ἤκουσε
921 2387 1058 2474 πώποτ’,
1080 2391 1200 2476 ἢκατὰ

196 2508 294 2562 ποίον
307 2501 412 2581 νόμον
426 2491 752 2581 προσπαραγράφοιτ’
765 2496 806 2562 άν
820 2508 917 2562 τοῦτο
930 2500 967 2562 τὸ
981 2499 1200 2583 παράγραμμα

197 2603 321 2687 ἣάλλο
344 2627 374 2667 τι
396 2603 483 2686 πλην
507 2603 524 2668 ὁ
548 2604 654 2686 πατὴρ
677 2600 731 2667 καὶ
755 2604 772 2669 ὁ
797 2605 913 2687 δῆμος;
942 2597 989 2666 ὧν
1012 2604 1118 2668 όντων
1141 2602 1200 2688 άμ-

163 2722 276 2795 σφοῖν
298 2720 364 2774 τῶν
387 2709 494 2772 αὐτῶν
517 2709 622 2791 πολλὴ
646 2710 767 2793 ταραχὴ
788 2712 969 2792 συμβαίνει.
1005 2706 1093 2793 φέρ’,
1116 2711 1147 2774 εί
1164 2706 1200 2773 δὲ

197 2817 309 2900 κριτὴς
338 2819 470 2879 καλοῖτο
498 2817 690 2889 Μαντίθεος
717 2817 871 2879 Μαντίου
900 2817 1069 2898 Θορίκιος,
1099 2819 1133 2880 τί
1159 2813 1200 2879 διν

197 2933 363 3003 ποιοίμενς
387 2919 407 3003 ἢ
427 2921 616 3004 βαδίζοιμεν
635 2917 676 2983 άν
695 2920 808 3003 άμφω;
831 2928 875 3006 τῷ
895 2920 958 3003 γὰρ
977 2922 1067 2984 ἔσται
1086 2922 1200 3003 δῆλον,

197 3029 336 3111 πότερον
365 3021 402 3090 σε
429 3024 584 3107 κέκληκεν
607 3024 628 3109 ἢ
652 3023 722 3108 ἐμός
750 3027 831 3109 πρὸς
854 3027 952 3105 Διός,
979 3023 1021 3089 άν
1044 3021 1075 3088 δ’
1097 3024 1200 3110 ἀρχὴν

197 3133 354 3215 ἡντινοῦν
377 3130 397 3213 ἡ
420 3134 514 3206 πόλις
535 3135 662 3214 κληροῖ,
685 3121 758 3195 οἷον
776 3134 897 3213 βουλῆς
916 3129 935 3213 ἢ
953 3128 1161 3214 θεσμοθέτου
1180 3129 1200 3214 ἣ

198 3250 264 3303 τῶν
287 3240 408 3320 ἄλλων,
430 3246 475 3324 τῷ
500 3238 599 3320 δῆλος
622 3237 640 3302 ὁ
664 3237 773 3321 λαχὼν
797 3235 890 3319 ἡμῶν
914 3238 1017 3313 ἔσταις
1041 3235 1200 3302 οὐκοῦνό

198 3344 258 3428 μὲν
286 3343 405 3426 αὑτόν,
433 3341 495 3425 ἐγὼ
524 3339 555 3405 δ’
582 3341 723 3425 ἐμαυτὸν
745 3343 840 3425 φήσω
863 3343 922 3406 τὸν
945 3339 1085 3426 εἰληχότ’
1106 3337 1200 3406 εἶναι.

164 3452 316 3514 ολοιπὸν
341 3451 388 3526 είς
410 3450 446 3513 τὸ
471 3449 681 3530 δικαστήριον
703 3447 787 3530 ἡμᾶς
809 3446 954 3512 εἰσιέναι.
1000 3445 1123 3511 οὐκοῦν
1146 3443 1198 3530 ἐφ’

199 3552 322 3643 ἑκάστῳ
350 3555 476 3618 τούτων
500 3555 710 3636 δικαστήριον
733 3551 812 3636 ἡμῖν
835 3551 855 3635 ἡ
878 3555 973 3628 πόλις
995 3557 1121 3634 καθιεῖ,
1147 3551 1199 3616 καὶ
