2668 4002
432 227 507 279 xm.
525 227 787 281 Δυυοεοουεε.
1070 227 1113 291 53

102 383 182 467 λε’γε
208 386 269 468 τήν
296 394 356 450 τοῦ
384 388 499 471 ἰατροῦ
526 391 708 472 μαρτυρίαν
736 385 791 452 καί
812 389 874 472 τήν
896 399 961 454 τῶν
985 387 1113 454 ἐπισκο-

100 493 269 556 πούντων.
306 501 460 572 (Leguntur
477 501 658 567 testimonia»)

273 704 361 770 XIII.
389 703 485 770 Aelio
509 727 610 790 aquae
632 704 759 790 pluviae
783 705 946 771 arcendae.

333 825 423 893 (Dem.
438 825 486 896 LV
500 832 595 881 3-80.
619 825 654 882 τί.
668 827 736 882 fase.
753 826 778 880 II
791 844 819 896 p.
835 831 888 893 10.)

178 947 262 1002 Pater
280 947 340 1002 eius
360 947 408 1017 qui
427 964 542 1002 causam
561 947 639 1015 dicit,
660 965 722 1001 cum
741 946 858 1002 fundum
873 965 953 1002 suum
966 967 1045 1004 muro
1059 949 1111 1004 eir-

103 1019 261 1085 cumdarel‚
279 1035 382 1088 aquam
395 1018 522 1088 pluviam
536 1017 573 1073 ab
587 1035 619 1072 eo
633 1019 663 1073 in
676 1019 751 1072 viam
765 1019 890 1075 duxerat.
920 1020 1017 1074 mullis
1031 1020 1111 1074 annis

104 1091 173 1158 post
191 1089 320 1144 Callicles
343 1089 451 1144 vicinus
474 1089 532 1144 filio
557 1089 694 1143 actionem
719 1089 815 1142 damni
840 1092 914 1158 (δίκη
934 1090 1048 1164 βλάβης)
1070 1091 1111 1144 in-

104 1159 213 1228 tendit,
236 1161 311 1228 quod
336 1177 409 1229 aqua
432 1160 483 1214 illo
506 1177 584 1214 muro
608 1160 639 1212 in
657 1160 774 1213 fundum
793 1178 873 1214 suum
892 1167 989 1215 coacta
1007 1160 1112 1215 effundi

103 1247 241 1355 {mgnum
269 1230 311 1284 ibi
340 1230 455 1286 fecisset
484 1231 626 1287 damnum.
670 1230 781 1286 Callicli
810 1231 893 1286 adest
918 1231 1111 1287 Callicratidas

118 1319 151 1354 ra
176 1319 203 1358 ·r.

179 1448 223 1510 Il)
245 1449 368 1531 χωρίον
390 1455 487 1510 τοῦτο
510 1448 798 1533 περιῳκοδόμησεν
822 1447 839 1513 ὁ
862 1449 967 1532 πατήρ
990 1456 1110 1531 μικροῦ
1130 1464 1143 1510 1

107 1554 180 1616 δεῖν
207 1550 287 1635 πρὶν
310 1547 365 1635 ἐμὲ
387 1551 560 1634 γενέσθαι,
589 1554 707 1630 ζῶντος
729 1548 789 1635 μὲν
813 1555 860 1617 ἔτι
882 1555 1111 1618 Καλλιππίδου

107 1666 168 1722 τοῦ
195 1658 321 1723 τούτων
349 1660 470 1742 πατρὸς
494 1656 549 1722 καί
572 1669 795 1740 γειτνιῶντος,
823 1657 858 1734 ὃς
880 1657 1112 1743 ἀκριβέστερον

110 1763 181 1849 ᾔδει
204 1765 311 1847 δήπου
333 1765 470 1845 τούτων,
494 1765 590 1839 ὄντος
613 1759 649 1828 δέ
669 1763 891 1840 Καλλικλέους
909 1763 1031 1850 ἀνδρὸς
1048 1767 1111 1848 ήδη

107 1869 164 1937 καὶ
186 1870 423 1953 ἐπιδημοῦντος
441 1867 631 1953 Ἀθήνησιν.
673 1867 727 1934 καί
750 1869 851 1935 πλέον
874 1867 935 1954 μὲν
958 1870 978 1954 ή
1001 1888 1146 1936 aem-2

108 1974 232 2043 καίδεκ’
254 1979 308 2058 ἐτη
331 1985 391 2042 τοῦ
412 1979 535 2059 πατρὸς
558 1975 752 2059 ἐπιβιόντος,
776 1977 837 2041 οὐκ
859 1975 979 2043 ἐλάττω
998 1973 1034 2042 δέ
1053 1987 1112 2043 τοῦ

108 2085 236 2149 τούτων
264 2084 401 2165 πατρός,
433 2080 470 2146 ἐν
499 2082 628 2157 τούτοις
656 2093 725 2158 τοῖς
754 2084 859 2146 ἐτεσιν
889 2084 1010 2148 ἀπασιν
1040 2079 1109 2148 οὔτ’

108 2189 256 2272 ἐγκαλῶν
278 2185 389 2262 οὐδεὶς
406 2183 528 2252 πώποτ’
546 2183 651 2270 ήλθεν
671 2188 746 2252 οὔτε
765 2190 972 2271 μεμφόμενος
993 2191 1112 2275 (καίτοι

108 2297 212 2377 δῆλον
243 2294 294 2359 ὅτι
325 2290 380 2358 καί
409 2289 485 2358 τόθ’
517 2293 621 2356 ὕδατα
653 2294 809 2369 πολλάκις
841 2292 1002 2376 ἐγένετο),
1020 2290 1107 2366 Ιοὐδ’

108 2399 275 2466 ἐκώλυσεν
305 2398 337 2476 ἐξ
367 2397 484 2482 ἀρχῆς,
514 2404 604 2478 είπερ
628 2398 733 2480 ἠδίκει
756 2399 830 2463 τινὰ
853 2400 1113 2483 περιοικοδομῶν

109 2507 127 2572 ὁ
151 2506 256 2589 πατήρ
279 2506 316 2569 τὸ
339 2508 478 2587 χωρίον,
506 2500 576 2567 ἀλλ’
601 2501 672 2567 οὐδ’
697 2502 923 2585 ἀπηγόρευσεν
946 2501 1025 2570 οὐδὲ
1048 2507 1114 2570 διε-

108 2612 305 2700 μαρτύρατο.
350 2613 472 2690 καίτοι,
503 2604 529 2672 ὦ
557 2611 767 2692 Καλλίκλεις,
798 2609 874 2692 ἐξῆν
902 2611 1008 2693 δήπου
1036 2610 1107 2677 τόθ’
1132 2629 1147 2676 3

108 2719 201 2800 ὑμῖν,
224 2717 345 2796 ὁρῶσιν
364 2713 695 2798 ἀποικοδομουμένην
713 2717 773 2798 τήν
792 2716 972 2800 χαράδραν,
995 2715 1113 2781 ἐλθοῦ-

109 2839 165 2888 σιν
201 2821 304 2897 εὐθὺς
335 2820 529 2902 ἀγανακτεῖν
563 2822 618 2884 καί
651 2819 759 2903 λέγειν
790 2823 872 2906 πρὸς
902 2823 960 2886 τὸν
991 2821 1113 2906 πατέρα

109 2930 236 3010 ’Τισία,
263 2931 297 2991 τί
321 2935 422 2990 ταῦτα
443 2937 561 3004 ποιείςς
594 2925 825 3011 ἀποικοδομεῖς
847 2928 907 3010 τήν
930 2927 1112 3011 χαράδραν;

109 3030 165 3100 εἶτ’
194 3034 378 3117 ἐμπεσεῖται
405 3033 441 3097 τὸ
469 3032 561 3114 ὕδωρ
589 3033 635 3108 είς
661 3034 698 3098 τὸ
724 3036 845 3116 χωρίον
868 3036 904 3097 τὸ
928 3032 1113 3118 ήμέτερον’,

109 3136 153 3205 ἵν’
181 3142 212 3204 εί
238 3135 298 3224 μὲν
326 3138 479 3222 ἐβούλετο
506 3139 714 3220 παύσασθαι,
742 3135 846 3221 μηδὲν
868 3137 947 3222 ήμῖν
969 3135 1011 3222 ήν
1034 3141 1113 3204 δυσ-

109 3242 200 3332 χερές
221 3247 303 3329 πρὸς
326 3244 503 3328 ἀλλήλους,
530 3247 562 3309 εί
588 3243 617 3308 δ’
646 3245 835 3328 ὠλιγώρησε
858 3243 912 3309 καὶ
936 3244 1057 3328 συνέβη
1081 3268 1112 3311 τι

109 3361 272 3433 τοιοῦτον,
291 3351 452 3435 μάρτυσιν
471 3346 553 3434 εἶχες
570 3363 639 3427 τοῖς
656 3353 728 3416 τότε
745 3349 1022 3433 παραγενομένοις
1035 3354 1113 3435 χρή-

109 3463 241 3523 σασθαι.
277 3454 331 3521 καί
353 3457 396 3539 νή
416 3454 474 3520 Δί’
497 3456 657 3534 ἐπιδεῖξαί
672 3456 712 3541 γέ
728 3454 758 3521 (τ’
777 3459 843 3522 ἔδει
862 3467 961 3521 πᾶσιν
981 3456 1147 3539 ἀνθρώ-4

108 3587 182 3644 ποις
202 3563 371 3649 χαράδραν
390 3557 505 3646 οὖσαν,
528 3563 645 3649 ἵναμή
666 3565 752 3652 λόγῳ
772 3566 887 3649 μόνον,
910 3563 1018 3648 ὥσπερ
1037 3572 1112 3648 νῦν,
