2668 4002
175 209 216 272 12
552 211 600 264 111.
621 207 803 268 ΞΕΝΟΦΩΝ.

172 371 374 455 ἡμερώτεροί
399 396 432 437 τε
461 367 522 437 ὦσι
549 369 604 436 καλ
634 370 873 456 εὐρυθμότεροι
902 369 956 434 καὶ
979 369 1176 454 εὐαρμοστό-

172 501 260 562 τεροι
288 481 478 561 γιγνόμενοι
508 479 662 562 χρησιμοι
690 471 771 542 ὦσιν
799 479 844 552 είς
871 478 907 541 τὸ
935 474 1043 558 λέγειν
1066 497 1100 538 τε
1122 471 1176 538 καὶ

172 583 338 667 πράττειν·
362 592 424 658 πῶς
447 583 509 665 γάρ
533 583 551 648 ὁ
574 586 646 666 βίος
664 592 723 647 τοῦ
742 581 923 666 ἀνθρώπου
943 581 1126 665 εὐρυθμίας
1143 603 1176 643 τε

138 687 227 754 ικαὶ
254 689 470 772 εὐαρμοστίας
498 689 609 752 δείται.
651 691 702 752 ,ἔτι
730 691 848 752 τοίνυν
872 689 953 770 πρὸς
980 687 1108 762 τούτοις
1131 687 1177 760 είς

172 797 388 879 παιδοτρίβου
411 793 609 878 πέμπουσιν,
632 797 687 858 ἵνα
705 795 743 858 τά
763 795 894 877 σώματα
912 797 1029 877 βελτίω
1048 795 1177 877 ἔχοντες

173 901 359 985 ὑπηρετῶσι
392 910 429 985 τῇ
463 902 594 986 διανοίᾳ
621 909 742 984 χρηστῇ
771 901 854 984 οὕση
881 897 935 963 καὶ
963 899 1006 982 μὴ
1036 897 1177 980 ἀναγκά-

174 1010 290 1085 ζωνται
323 1005 516 1071 ἀποδειλιᾶν
549 1006 604 1070 διὰ
635 1007 696 1088 την
728 1009 891 1089 πονηρίαν
922 1015 988 1068 τῶν
1019 1003 1177 1086 σωμάτων

173 1111 227 1178 καὶ
255 1111 291 1177 ἐν
314 1123 383 1188 τοίς
404 1111 559 1196 πολέμοις
582 1110 636 1176 καὶ
660 1111 696 1176 ἐν
719 1123 789 1187 ταῖς
811 1113 925 1187 ἀλλαις
946 1109 1094 1194 πράξεσι·
1123 1106 1177 1172 καὶ

172 1229 274 1284 ταῦτα
292 1228 447 1283 ποιοῦσιν
466 1219 501 1283 οί
516 1219 655 1302 μάλιστα
673 1219 853 1302 δυνάμενοι
868 1218 1020 1300 μάλιστα·
1040 1215 1178 1299 μάλιστα

174 1321 210 1390 δὲ
244 1326 402 1390 δύνανται
436 1325 470 1388 oi
499 1324 751 1389 πλουσιώτατοι·
790 1323 844 1388 καὶ
880 1324 915 1388 οί
941 1323 1067 1386 τούτων
1096 1321 1178 1396 υίεῖς

173 1434 359 1519 πρῳαίτατα
382 1433 429 1506 είς
453 1431 660 1495 διδασκάλων
684 1437 740 1512 τῆς
762 1430 889 1513 ἡλικίας
910 1427 1086 1513 ἀρξάμενοι
1104 1450 1177 1510 φοι-

139 1546 234 1601 avoco
267 1536 440 1614 ὀψιαίτατα
474 1534 742 1600 ἀπαλλάττονται.
789 1535 922 1600 ἐπειδάν
955 1531 991 1599 δὲ
1023 1532 1059 1598 ἐκ
1086 1534 1177 1597 διδα-

175 1643 304 1708 σκάλων
341 1641 592 1724 ἀπαλλαγῶσιν,
628 1641 648 1724 ἡ
685 1645 779 1718 πόλις
810 1636 852 1705 αὖ
884 1641 960 1716 τούς
989 1661 1024 1703 τε
1055 1640 1179 1721 νόμους

174 1746 346 1828 ἀναγκάζει
377 1746 562 1830 μανθάνειν
591 1744 645 1810 καὶ
675 1747 754 1810 κατά
784 1747 921 1823 τούτους
952 1747 1022 1827 ζῆν,
1051 1745 1107 1808 ἵνα
1134 1743 1177 1826 μὴ

175 1850 267 1917 αὐτοὶ
292 1849 342 1936 ἐφ’
366 1853 475 1917 αὑτῶν
499 1854 568 1935 εἰκῇ
592 1853 788 1934 πράττωσιν,
811 1848 881 1916 ἀλλ’
905 1851 1046 1934 ἀτεχνῶς
1069 1849 1177 1933 ὥσπερ

175 1959 210 2024 οί
234 1955 471 2042 γραμματισταί
500 1969 569 2032 τοῖς
591 1959 685 2040 μηπω
711 1959 832 2034 δεινοῖς
855 1957 994 2040 γράφειν
1017 1965 1082 2019 τῶν
1105 1957 1178 2018 παί-

176 2067 244 2130 δων
268 2063 518 2147 ὑπογράφοντες
535 2064 686 2147 γραμμάς
703 2071 741 2146 τῇ
760 2064 898 2147 γραφίδι
917 2062 1003 2126 οὕτω
1022 2063 1058 2126 τὸ
1078 2083 1178 2144 γραμ-

175 2181 308 2254 ματείου
342 2170 471 2234 διδόασι
503 2166 557 2233 καὶ
589 2167 807 2250 ἀναγκάζουσι
840 2168 980 2252 γράφειν
1009 2167 1089 2231 κατὰ
1119 2167 1178 2250 την

175 2276 341 2360 ὑφήγησιν
371 2286 438 2339 τῶν
465 2285 640 2358 γραμμῶν,
673 2274 716 2350 ὣς
743 2271 780 2338 δὲ
808 2272 862 2338 καὶ
888 2273 909 2356 ἡ
937 2277 1030 2348 πόλις
1056 2275 1180 2355 νόμους

174 2381 408 2464 ὑπογράψασα,
439 2379 576 2462 ἀγαθῶν
605 2378 659 2444 καὶ
689 2385 837 2444 παλαιῶν
864 2385 1057 2463 νομοθετῶν
1084 2376 1179 2460 εὑρη-

175 2511 270 2572 ματα,
289 2487 369 2550 κατά
389 2487 526 2561 τούτους
543 2484 716 2568 ἀναγκάζει
734 2484 788 2550 καὶ
807 2487 919 2569 άρχειν
938 2482 991 2548 καὶ
1006 2485 1179 2568 ἄρχεσθαι·

175 2593 211 2669 ὃς
231 2589 268 2657 δ’
292 2591 333 2656 ἀν
362 2589 453 2667 ἐκτὸς
474 2592 573 2674 βαίνη
596 2590 738 2671 τούτων,
766 2591 909 2671 κολάζει,
936 2586 990 2651 καὶ
1014 2589 1117 2670 ’όνομα
1140 2596 1178 2671 τῇ

175 2698 307 2764 κολάσει
329 2698 430 2780 ταύτη
453 2693 508 2760 καὶ
530 2694 605 2780 παρ’
625 2697 704 2780 ὑμῖν
722 2693 776 2758 καὶ
795 2695 915 2758 άλλοθι
933 2698 1112 2778 πολλαχοῦ,
1135 2693 1179 2769 ὡς

175 2804 385 2885 εὐθυυούσης
407 2809 462 2884 τῆς
485 2803 592 2884 δίκης,
617 2802 767 2866 εὐθῦναι.

228 3085 287 3150 ΙΙΙ,
311 3085 359 3148 De
382 3084 570 3149 educatione
593 3105 767 3168 puerorum
789 3081 1125 3148 Lacedaemoniorum.

176 3205 312 3278 (Xenoph.
332 3205 366 3259 de
384 3203 529 3273 republica
547 3204 712 3260 Lacedaem.
731 3211 755 3271 λ,
777 3210 871 3259 1-11.
900 3203 934 3258 of.
953 3202 1021 3256 fuae.
1040 3201 1066 3254 ΙΙ
1084 3219 1110 3270 p.
1124 3203 1179 3267 41.)

142 3349 155 3395 1
238 3329 326 3397 Ἐπεὶ
362 3330 436 3417 περὶ
473 3329 631 3414 γενέσεως
667 3342 732 3394 τῶν
765 3335 981 3413 Σπαρτιατῶν
1013 3327 1181 3410 ἐξηγημαι,

174 3438 336 3522 βούλομαι
363 3435 417 3502 καὶ
446 3439 507 3522 την
532 3438 685 3501 παιδείαν
709 3439 897 3519 σαφηνίσαι.
942 3443 1009 3498 τῶν
1032 3429 1093 3517 μὲν
1116 3436 1180 3498 τοί-

175 3567 238 3617 νυν
275 3544 385 3616 ἄλλων
416 3541 584 3632 Ἑλλήνων
622 3542 657 3610 οί
697 3541 878 3629 φάσκοντες
913 3539 1070 3610 κάλλιστα
1105 3539 1183 3622 τοὺς
