2668 4002
170 185 213 248 62
479 187 549 238 ειν.
570 184 857 256 [ΔΗαοκοεαειΣη

170 345 352 430 ἀφίκωνται
373 343 542 430 Ἀθήναζε,
565 344 749 411 ἀποδοῦναι
772 352 895 411 εἴκοσιν
913 346 1044 432 ἡμερῶν
1061 351 1099 414 ,ὸ
1117 347 1175 432 ἄρ,

170 452 288 535 φύρων
311 453 390 536 ἡμῖν
415 453 565 534 ‘mmm'
590 451 650 528 ἕως
669 448 698 516 (δ’
717 451 759 516 ἂν
778 451 937 535 ἀποδῶσι,
959 465 1090 538 κρατεῖν
1107 465 1176 520 τῶν

171 557 345 642 χρημάτων
371 558 471 640 ἡμᾶς,
498 555 552 622 καὶ
581 556 731 642 ἀνέπαφα
754 557 907 644 παρέχειν
932 561 1084 641 τούτους,
1114 560 1176 638 έως

120 678 150 728 17
171 661 213 727 ἀν
236 662 462 746 ἀπολάβωμεν.
498 662 676 746 γέγραπται
700 659 760 747 μέν
779 661 875 729 ταῦθ’
893 664 1014 730 οὑτωσὶ
1033 665 1176 752 ἀκριβῶς

171 767 208 833 έν
225 778 264 853 τῇ
284 778 469 854 συγγραφῇ·
494 765 586 835 οὗτοι
606 767 650 853 δ’,
670 764 694 833 ὦ
713 771 832 852 ἀνδρες
850 772 1011 855 δικασταί,
1030 771 1176 838 ἐνταῦθα

170 873 225 940 καὶ
249 875 454 952 ἐκεδειξαντο
478 877 617 959 μάλιστα
640 877 701 959 τὴν
723 876 823 959 ὕβριν
845 874 899 940 καὶ
922 878 982 960 τὴυ
1005 877 1175 962 ἀναίδειαν

82 975 83 978 “
171 981 231 1064 τὴν
246 979 381 1046 ἑαυτῶν.
412 982 487 1046 οὔτε
507 982 569 1066 γάρ
589 981 818 1066 ἀντηγόρασαν
832 977 931 1047 οὐδὲν
946 981 982 1048 ἐν
996 992 1041 1068 τῷ
1055 984 1176 1072 Πόντφ

172 1082 241 1151 οὔτ’
270 1087 562 1172 ἀντεφορτίσαντο,
591 1088 672 1152 ὥστε
700 1089 794 1170 ἀγειν
814 1084 985 1170 Ἀθήναζε·
1024 1087 1116 1172 ἡμεῖς
1141 1113 1175 1154 τε

172 1194 208 1258 οί
227 1193 437 1269 δανείσαντες
454 1194 492 1257 τά
516 1195 674 1278 χρήματα,
696 1193 845 1276 ἡκόντων
868 1193 977 1259 αὐτῶν
995 1196 1122 1260 τούτων
1140 1195 1176 1260 ἐκ

172 1309 232 1364 τοῦ
250 1303 396 1381 Πόντου,
419 1299 480 1364 οὐκ
503 1305 633 1384 εἴχομεν
655 1298 732 1366 ὅτου
752 1299 994 1383 ἐπιλαβοίμεθα
1007 1299 1079 1365 οὐδ’
1098 1301 1176 1368 ότυυ

172 1417 362 1490 κρατοῖμεν,
394 1404 454 1481 ἕως
481 1408 701 1488 κομισαίμεθα
727 1407 767 1469 τὰ
794 1402 920 1489 ἡμέτερ’
948 1405 1069 1471 αὐτῶν·
1099 1405 1172 1476 οὐδ’

173 1511 285 1576 ὁτιοῦν
317 1512 380 1595 γὰρ
412 1511 589 1594 είσὴγαγον
621 1513 668 1587 είς
698 1512 757 1576 τὸν
787 1508 902 1594 λιμένα
929 1513 989 1577 τὸυ
1017 1510 1177 1596 ὑμέτερον

124 1635 154 1682 18
174 1612 274 1684 οὗτοι.
320 1617 403 1681 ἀλλά
426 1620 639 1700 πεπόνθαμεν
662 1620 871 1698 καινότατον,
894 1612 920 1681 ὦ
943 1619 1063 1700 ἀνδρες
1085 1620 1176 1684 δικα-

173 1727 261 1788 σταί·
290 1722 326 1788 ἐν
349 1723 411 1806 γάρ
435 1732 472 1807 τῇ
495 1725 589 1788 πόλει
612 1732 650 1808 τῇ
672 1721 811 1808 ἡμετέρᾳ
834 1722 959 1805 αὐτῶν,
982 1719 1082 1788 οὐδὲν
1105 1724 1176 1790 ἀδι-

172 1839 307 1905 κοῦντες
325 1825 404 1894 οὐδὲ
424 1830 519 1912 δίκην
539 1828 725 1913 ὠφληκότες
743 1828 902 1911 οὐδεμίαν
920 1829 1060 1912 τούτοις,
1082 1847 1177 1896 σεσυ-

174 1937 301 2019 λήμεθα
336 1935 376 1999 τά
413 1931 541 2017 ἡμέτερ’
579 1933 688 1998 αὐτῶν
724 1934 789 1999 ὑπὸ
822 1935 948 1999 τούτων
981 1938 1177 2018 Φασηλιτῶν

174 2043 299 2122 όντων,
341 2041 449 2124 ὥσπερ
493 2038 689 2122 δεδομένων
718 2044 828 2104 συλῶν
866 2043 1066 2123 Φασηλίταις
1101 2040 1173 2106 κατ’

170 2145 366 2228 Ἀθηναίων.
393 2209 395 2216 ς

125 2271 154 2319 19
234 2249 278 2313 Ὃ
302 2247 337 2316 δὲ
360 2251 493 2316 πάντων
516 2253 706 2317 δεινότατον
729 2251 923 2334 διεπράξατο
941 2252 1103 2335 Λάκριτος
1121 2255 1177 2320 οὑ-

174 2361 257 2440 τοσί,
274 2358 333 2432 Ιδεῖ
353 2357 437 2440 ὑμᾶς
459 2354 608 2422 ἀκοῦσαι·
639 2352 734 2434 οὗτος
757 2359 819 2441 γάρ
842 2353 885 2440 ἡν
908 2358 925 2423 ὁ
948 2359 1054 2423 πάντα
1076 2370 1177 2425 ταῦτα

167 2466 319 2554 διοικῶν.
351 2462 464 2550 έπειδὴ
488 2463 549 2545 γάρ
574 2462 731 2547 ἀφίκοντο
755 2463 866 2546 δεῦρο,
889 2465 936 2539 είς
958 2459 1019 2547 μὲν
1041 2467 1077 2529 τὸ
1100 2464 1177 2549 ὁμέ-

173 2593 268 2654 τερον
292 2568 451 2652 ἐμπόριον
474 2569 515 2633 ού
534 2568 786 2651 καταπλέουσιν,
809 2571 854 2644 είς
873 2580 995 2652 φωρῶν
1013 2566 1050 2634 δὲ
1069 2569 1173 2653 λιμέν’

174 2677 376 2759 ὁρμίζονται,
403 2674 440 2750 ὅς
468 2674 557 2739 ἐστιν
585 2675 644 2752 έξω
673 2685 738 2738 τῶν
767 2678 909 2758 σημείων
934 2685 995 2740 τοῦ
1017 2674 1177 2759 ὑμετέρου

174 2781 350 2866 ἐμπορίου,
383 2778 437 2845 καὶ
467 2783 556 2845 ἔστιν
586 2781 702 2862 ὅμοιον
730 2782 776 2856 είς
805 2792 927 2864 φωρῶν
955 2775 1057 2864 λιμέν’
1086 2783 1178 2865 ὁρμί-

175 2895 309 2971 σασθαι,
333 2888 441 2969 ὥσπερ
465 2887 507 2952 ἀν
528 2893 561 2951 εί
574 2910 623 2962 τις
643 2888 688 2962 είς
708 2891 849 2968 Αἴγιναν
868 2885 888 2969 ἡ
908 2889 954 2962 είς
972 2883 1100 2971 Μέγαρ’
1123 2887 1178 2973 ὁρ-

175 2999 317 3080 μίσαιτο·
352 2993 454 3071 ἔξεστι
482 2994 545 3077 γὰρ
568 2991 729 3057 ἀποπλεῖν
753 2991 788 3056 ἐκ
811 3002 871 3057 τοῦ
894 2991 1025 3075 λιμένος
1047 2993 1178 3072 τούτου,

122 3121 156 3168 20
176 3102 250 3166 ὅποι
274 3101 315 3164 ἀν
338 3124 385 3174 τις
407 3100 566 3184 βούληται
590 3095 644 3162 καὶ
668 3094 796 3180 ὁπηνίκ’
818 3097 861 3162 ἀν
885 3100 965 3183 δοκὴ
989 3099 1088 3186 αὐτῷ.
1123 3099 1177 3166 καὶ

174 3209 211 3272 τὸ
242 3201 301 3289 μὲν
330 3209 448 3270 πλοῖον
478 3205 580 3288 ὥρμει
611 3203 757 3268 ἐνταῦθα
787 3207 920 3279 πλείους
948 3203 969 3288 ἡ
998 3204 1094 3270 πέντε
1123 3203 1178 3269 καὶ

175 3319 299 3377 είκοσιν
321 3308 456 3393 ἡμέρας,
485 3304 577 3374 οὗτοι
602 3305 637 3373 δὲ
661 3307 878 3392 περιεπάτουν
901 3307 938 3372 έν
961 3319 1005 3396 τῷ
1030 3311 1177 3393 δείγματι

175 3426 219 3502 τῷ
250 3411 410 3503 ὑμετέρῳ,
439 3413 494 3479 καί
524 3415 617 3498 ἡμεῖς
642 3417 835 3500 προσιόντες
863 3416 1095 3498 διελεγόμεθα,
1124 3414 1178 3480 καὶ

175 3523 366 3605 ἐκελεύομεν
389 3521 525 3595 τούτους
548 3519 786 3602 ἐπιμελεῖσθαι,
810 3520 897 3596 ὅπως
920 3518 962 3584 ἀν
985 3520 1029 3596 ὡς
1051 3519 1173 3604 τάχιστ’
