2668 4002
190 199 233 262 42
516 203 564 256 αι.
584 201 867 272 [ΔΗΜοΣοααΗΣη

191 361 251 427 οὐκ
283 364 457 446 εἰσῆλθον,
489 363 527 427 τὰ
560 359 589 428 δ’
622 361 657 427 έκ
689 372 746 445 τῆς
777 363 877 446 ἀλλης
906 364 1011 438 οἰκίας
1040 360 1195 447 ἐξέφερον

191 469 307 552 σκεύη,
334 467 603 552 ἀπαγορευούσης
629 478 686 552 τῆς
708 471 864 551 γυναικὸς
886 471 929 552 μη
954 470 1114 534 ἅπτεσθαι
1138 467 1194 532 αύ-

190 585 258 649 τοίς
279 573 334 639 καὶ
358 577 527 659 λεγούσης,
550 575 599 640 ὅτι
624 575 722 658 αὐτῆς
744 581 794 658 είη
820 574 855 639 έν
878 584 917 659 τη
940 573 1051 659 προικὶ
1068 598 1194 658 τετιμη-

190 678 271 762 μένα
298 679 353 745 καὶ
381 680 431 746 ότι
460 680 515 746 ’τὰ
542 685 689 765 πρόβατα
717 684 804 766 ἔχετε
832 684 1033 764 πεντήκοντα
1060 679 1194 746 καὶτὸν

189 787 291 850 παῖδα
308 785 363 851 καὶ
377 789 434 853 τὸν
448 786 601 871 ποιμένα,
619 785 770 863 πλείονος
785 786 859 864 ἀξια
873 785 893 868 ἢ
907 784 1193 851 κατεδικύσασθε’·

190 889 364 976 ἀπήγγειλε
396 893 459 977 γάρ
491 917 540 969 τις
571 893 685 969 αύταίς
715 903 781 956 τῶν
813 896 972 975 γειτόνῶν
1003 895 1106 970 κόψας
1134 894 1194 975 την

188 999 309 1083 θύραν.
346 1001 393 1065 ἔτι
416 997 446 1064 δ’
470 1002 532 1084 ε’φη
556 1001 592 1065 τὸ
616 998 777 1085 ἀργύριον
801 999 913 1074 αύτοίς
935 1002 1087 1082 κείμενον
1109 993 1194 1062 εἶναι

190 1103 242 1169 ἐπὶ
264 1112 303 1189 τῇ
327 1105 478 1192 τραπέζη·
507 1106 639 1189 ἠκηκόει
663 1106 725 1187 γὰρ
745 1104 839 1189 ἐμοῦ·
871 1104 947 1170 ’κάν
965 1103 1195 1188 περιμείνητέ,

190 1210 269 1293 ἔφη,
297 1208 329 1294 ’ἢ
353 1208 494 1294 μετέλθη
518 1234 566 1286 τις
588 1209 682 1292 ὑμῶν
706 1207 823 1291 αὐτόν,
851 1211 981 1294 ἔχοντες
1003 1210 1095 1274 ἀπιτε
1118 1208 1194 1292 τάρ-

189 1315 307 1399 γύριον
332 1317 411 1400 ἤδη·
443 1316 482 1380 τά
506 1297 543 1380 δὲ
567 1316 666 1398 σκεύη
691 1314 779 1398 έᾶτε,
808 1315 862 1380 καὶ
888 1312 991 1400 μηδὲν
1015 1328 1082 1381 τῶν
1108 1315 1195 1400 ε’μῶν

189 1419 322 1504 φέρετε,
354 1422 461 1498 ἄλλως
492 1445 526 1486 τε
559 1421 613 1487 καὶ
646 1425 774 1507 ἔχοντες
805 1422 879 1500 ἀξια
911 1431 967 1505 τῆς
998 1420 1194 1504 καταδίκης.’

156 1535 291 1592 ιταύτα
321 1523 357 1593 δέ
386 1529 545 1610 λεγούσης
574 1536 631 1610 τῆς
659 1529 815 1609 γυναικὸς
845 1527 905 1613 οὐχ
933 1529 1020 1604 ὅπως
1047 1526 1195 1613 ἐπέσχον,

190 1630 272 1696 ἀλλά
302 1631 356 1698 καὶ
385 1643 443 1717 τῆς
471 1637 584 1716 τίτθης
612 1634 649 1698 τὸ
680 1636 821 1716 κυμβίον
851 1635 1015 1716 λαβούσης
1042 1637 1195 1715 παρακεί-

190 1761 293 1821 μενον
317 1738 416 1824 αὐτῇ,
445 1738 476 1816 ἐξ
501 1733 543 1804 οὗ
565 1741 671 1821 ἔπινε,
693 1737 748 1804 καὶ
772 1739 950 1822 ἐνθεμένης
972 1742 1019 1816 είς
1040 1741 1099 1805 τὸν
1120 1742 1195 1805 κόλ-

189 1865 269 1926 πον,
292 1845 347 1909 ἵνα
370 1845 414 1927 μὴ
438 1840 530 1909 οὗτοι
553 1845 703 1932 λάβοιεν,
730 1843 841 1926 ἐπειδὴ
865 1840 953 1911 εἶδεν
977 1847 1075 1909 ἔνδον
1100 1847 1196 1920 ὄντας

132 1935 135 1941 ’
190 1949 321 2032 αύτούς,
342 1951 531 2026 κατιδόντες
552 1949 655 2033 αὐτην
675 1950 760 2015 οὕτω
780 1947 937 2016 διέθεσαν
955 1949 1195 2034 ἀφαιρούμενοι

189 2057 227 2120 τὸ
264 2059 405 2141 κυμβίον
439 2059 612 2140 Θεόφημος
644 2054 699 2120 καὶ
729 2057 876 2139 Εύεργος
909 2055 1050 2140 ἀδελφὸς
1081 2057 1195 2139 αὐτοῦ,

155 2182 170 2229 8
190 2162 272 2227 ὥστε
295 2163 434 2247 ὕφαιμοι
457 2159 517 2246 μέν
542 2163 576 2227 οί
597 2167 768 2246 βραχίονες
786 2161 840 2227 καὶ
859 2164 894 2228 οί
909 2160 1028 2248 καρποί
1047 2175 1112 2228 τῶν
1131 2187 1195 2247 χει-

190 2279 258 2352 ρῶν
282 2268 382 2351 αὐτῆς
405 2267 557 2349 ἐγένοντο
580 2267 868 2351 ἀποστρεφομένης
889 2270 933 2333 τὼ
957 2279 1043 2353 χεῖρε
1067 2268 1121 2334 καὶ
1145 2267 1195 2333 ἑλ-

190 2372 330 2457 κομένης
348 2374 412 2439 ὑπὸ
431 2375 557 2439 τούτοιν
576 2373 832 2459 ἀφαιρουμένων
846 2376 882 2440 τὸ
899 2377 1051 2458 κυμβίον,
1071 2373 1197 2460 ἀμυχάς
1271 2395 1284 2414 ·

191 2479 220 2546 δ’
239 2480 275 2545 ἐν
292 2489 337 2567 τῷ
356 2483 506 2568 τραχήλῳ
526 2475 612 2564 εἶχεν
631 2478 806 2564 ἀγχομένη,
825 2483 939 2546 πελιὸν
958 2476 996 2545 δὲ
1011 2482 1048 2545 τὸ
1064 2486 1195 2562 στῆθος.

190 2589 237 2662 είς
263 2596 360 2652 τοῦτο
385 2582 414 2648 δ’
439 2581 547 2669 ἦλθον
569 2590 743 2668 πονηρίας,
771 2584 853 2651 ὥσθ’
877 2585 937 2662 ἕως
960 2585 1135 2670 ἀφείλοντο
1158 2589 1195 2652 τὸ

190 2695 331 2776 κυμβίον
355 2691 390 2756 έκ
413 2702 472 2757 τοῦ
494 2694 618 2757 κόλπου
637 2691 746 2774 αὐτῆς,
770 2693 831 2757 οὐκ
850 2689 1023 2756 ἐπαύσαντ’
1042 2694 1197 2777 ἄγχοντες

156 2797 245 2867 εκαὶ
268 2799 443 2874 τύπτοντες
465 2799 525 2882 τὴν
549 2808 662 2881 γραῦν.
696 2797 871 2874 ἀκούοντες
890 2795 926 2862 δέ
946 2799 980 2862 οί
995 2799 1197 2880 θεράποντες

190 2916 256 2969 τῶν
288 2908 447 2987 γειτόνων
479 2911 535 2986 τῆς
566 2913 711 2986 κραυγῆς
742 2903 796 2968 καὶ
829 2905 968 2987 ὁρῶντες
997 2905 1058 2986 τὴν
1088 2907 1196 2970 οἰκίαν
1223 2905 1226 2914 ’

190 3009 426 3094 πορθουμένην
454 3011 515 3092 τὴν
543 3008 641 3092 ἐμήν,
669 3011 704 3074 οί
729 3005 789 3093 μέν
817 3009 879 3075 ἀπὸ
906 3021 972 3074 τῶν
999 3021 1102 3093 τεγῶν
1129 3021 1196 3074 τῶν

192 3115 316 3182 ἑαυτῶν
341 3115 482 3183 όκάλουν
513 3120 591 3194 τοὺς
622 3120 814 3202 παριόντας,
847 3119 878 3183 ολ
907 3118 944 3183 δὲ
970 3116 1025 3182 καὶ
1054 3119 1100 3194 εἰς
1135 3117 1196 3199 τὴν

192 3221 305 3302 ἑτέραν
328 3223 409 3287 ὁδὸν
431 3220 587 3295 ἐλθόντες
608 3217 663 3284 καὶ
687 3221 813 3296 ἰδόντες
827 3218 1027 3304 Ἁγνόφιλον
1044 3219 1194 3304 παριόντ’

192 3327 367 3393 έκέλευσαν
394 3323 648 3410 παραγενέσθαι.
694 3328 889 3407 προσελθὼν
913 3324 944 3390 δ’
966 3324 1197 3412 δἈγνόφιλος

190 3431 412 3517 προσκληθεὶς
433 3433 498 3498 ὑπὸ
522 3442 581 3497 τοῦ
605 3432 808 3514 θεράποντος
831 3442 890 3496 τοῦ
905 3429 1138 3515 Ἀνθεμίωνος,
1161 3434 1198 3510 ὅς

192 3539 263 3606 ἐστί
283 3563 338 3624 μοι
361 3543 489 3622 γείτῶν,
513 3540 559 3614 είς
581 3533 641 3621 μὲν
665 3539 724 3621 τὴν
749 3539 855 3602 οίκίαν
879 3537 938 3603 οὐκ
962 3539 1117 3621 εἰσῆλθεν
1142 3537 1197 3626 (ού
