2668 4002
495 250 515 298 1.
535 246 733 299 εοεαειοε.
1095 245 1116 307 5

109 425 225 490 μενον·
256 404 310 471 καὶ
338 410 404 492 μὴν
432 404 504 472 οὐδ’
532 405 666 488 ὀπώραν
688 411 892 492 παρατίθησί
912 431 977 472 τινι
1000 410 1116 487 καίπερ

108 508 215 578 οὖσαν
234 515 362 597 πολλὴν
380 511 433 578 καλ
450 513 566 595 ἥδιστα
579 513 698 595 ταύτης
712 513 929 596 μνημονεύων
943 510 997 577 καὶ
1010 512 1116 577 πάντα

110 622 233 704 χρόνον
261 619 515 700 παρασκευάζων
540 617 721 683 ἀθάνατον·
750 617 833 682 ἀλλὰ
856 619 921 702 μὴν
945 615 1024 682 οὐδὲ
1047 634 1116 682 στε-

108 723 343 810 φανουμένους
366 719 444 789 οὐδὲ
469 721 698 807 μυρουμένους
720 733 809 788 ποιεῖ
830 724 938 805 ώσπερ
957 718 1036 788 οὐδὲ
1054 729 1117 787 θυ-

110 840 264 913 μιῶντας,
288 829 370 893 ἀλλά
392 829 526 893 πάντων
549 829 676 893 τούτων
699 827 945 912 ἀπολυομένους
965 830 1042 905 τοὺς
1060 827 1116 892 ἀν-

109 938 266 1020 θρώπους
296 936 343 1010 είς
370 933 564 1019 ἐλευθερίαν
590 932 644 998 καὶ
673 934 868 1018 αὐτάρκειαν
898 933 1033 1019 ἐξαίρει,
1062 933 1116 998 καὶ

110 1044 186 1116 τοὺς
208 1040 366 1124 πρώτους.
404 1037 457 1104 καὶ
481 1047 574 1116 θεοῖς
597 1035 633 1104 δέ
657 1038 764 1122 διπλῆν
787 1038 969 1104 ἀποδίδωσι
988 1041 1116 1105 δίαιταν
1136 1056 1151 1103 6

109 1146 227 1228 νέκταρ
255 1143 309 1210 καὶ
333 1144 528 1230 ἀμβροσίαν.
573 1144 628 1211 καὶ
650 1148 727 1221 τοὺς
749 1145 948 1229 ἀνθρώπους
971 1143 1007 1211 δὲ
1030 1155 1119 1211 ποιεῖ

110 1263 270 1336 τιμῶντας
297 1251 417 1327 αὐτοὺς
445 1249 509 1316 ἀπὸ
532 1260 589 1334 τῆς
612 1253 752 1333 διαίτης,
779 1250 912 1334 ἀφελὼν
935 1255 1117 1336 λιβανωτὸν

111 1357 165 1423 καὶ
193 1358 344 1441 σμύρναν
371 1354 425 1421 καὶ
453 1357 638 1441 στεφάνους
660 1353 714 1420 καὶ
736 1357 797 1440 την
820 1355 894 1438 περὶ
917 1367 1018 1422 ταῦτα
1041 1381 1117 1438 τρυ-

111 1466 188 1548 φήν.
234 1459 288 1526 καλ
311 1471 367 1543 τῆς
389 1460 493 1546 διπλῆς
516 1457 553 1526 δέ
576 1463 694 1544 ταύτης
718 1463 849 1544 διαίτης
866 1462 925 1526 οὐκ
948 1462 1118 1546 ἀπληστως

111 1569 338 1643 ἀπολαύοντας
368 1571 580 1650 παρίστησιν,
612 1564 683 1631 ἀλλ’
716 1567 760 1644 ώς
792 1568 827 1632 οί
855 1567 1020 1651 κράτιστοι
1052 1579 1118 1632 τών

112 1678 234 1760 ίατρῶν
257 1673 392 1758 ἀφαιρεῖ
413 1673 469 1748 τὰς
491 1673 696 1756 πλησμονάς,
946 1657 947 1660 ¹

152 1780 267 1861 αὐτὰρ
291 1777 360 1843 ἐπεὶ
383 1781 498 1854 πόσιος
520 1776 574 1842 καὶ
598 1777 734 1861 ἐδητύος
758 1777 790 1857 ἐξ
814 1782 891 1862 ἔρον
914 1779 1014 1845 ἔντυ’·
1028 1800 1118 1851 αιιο.

112 1883 166 1951 καὶ
193 1886 254 1969 τὴν
281 1884 461 1969 ἐπιθυμίαν
489 1885 719 1968 πληρώσαντες
746 1885 780 1949 οί
804 1881 865 1968 μέν
889 1884 1042 1969 ἐξώρμων
1066 1884 1118 1950 ἐπὶ

112 1979 250 2076 μελέτην
273 1988 455 2073 ἀθλητικὴν
479 1991 620 2054 δίσκοισι
645 1993 837 2074 τερπόμενοι
860 1988 914 2054 καλ
938 1991 1212 2074 αἰγανέαις,δ626.

112 2106 151 2182 τῇ
173 2097 290 2181 παιδιᾷ
314 2097 352 2158 τά
374 2097 456 2179 πρὸς
480 2096 630 2178 σπουδὴν
650 2095 891 2179 ἐκμελετῶντες·
917 2099 952 2162 οί
968 2093 1005 2161 δὲ
1023 2105 1117 2162 κιθα·

114 2204 232 2291 ρφδῶν
261 2201 429 2285 ἠκροῶντο
460 2202 517 2276 τάς
545 2201 688 2284 ἡρωικάς
717 2200 849 2285 πράξεις
879 2205 914 2266 ἐν
944 2202 1034 2282 μέλει
1063 2201 1117 2267 καλ

114 2309 233 2393 ῥυθμῷ
261 2308 457 2372 ποιούντων.
503 2309 556 2372 διὸ
584 2303 683 2396 οὐδέν
711 2311 904 2390 θαυμαστὸν
930 2312 1007 2385 τοὺς
1032 2309 1151 2375 ούτώι

115 2411 362 2497 τεθραμμένους
390 2411 639 2496 ἀφλεγμάντους
662 2409 746 2478 εἶναι
769 2415 808 2477 τδι
832 2415 964 2497 σώματα
987 2413 1040 2479 καὶ
1063 2416 1119 2490 τὰς

114 2519 229 2604 ψυχάς.
266 2517 516 2602 ἐνδεικνύμενος
539 2513 601 2583 οὖν
624 2517 678 2583 καὶ
701 2521 761 2603 την
784 2519 934 2598 εὐταξίαν
957 2521 1001 2596 ώς
1018 2521 1119 2603 ὑγιει-

114 2629 176 2691 νόν
208 2624 275 2689 ἐστι
307 2622 361 2688 καὶ
393 2625 575 2708 εὔχρηστον
607 2622 661 2689 καὶ
694 2628 808 2690 κοινὸν
840 2629 899 2691 τὸν
929 2628 1119 2710 σοφώτατον

114 2730 267 2815 Νέστορα
293 2735 447 2814 πεποίηκε
471 2731 626 2814 Μαχάονι
655 2739 699 2817 τῷ
724 2733 824 2818 ιάτρςσ
848 2731 1037 2818 τετρωμένῳ
1059 2733 1221 2796 τὸνΛοεο,

116 2837 224 2915 δεξιὸν
266 2831 356 2919 ὦμον
392 2834 625 2920 προσφέροντα
662 2832 774 2919 οἶνον,
814 2847 884 2911 ταῖς
920 2842 1121 2920 φλεγμοναῖς

116 2942 353 3007 ἐναντιώτατον
381 2943 486 3024 ὄντα,
523 2939 577 3004 καὶ
607 2951 726 3006 τοῦτον
757 2941 967 3025 Πράμνειον,
1002 2941 1041 3006 δν
1072 2943 1120 3007 ίδ-

116 3071 176 3131 μεν
203 3049 310 3130 παχὺν
337 3045 391 3111 καλ
418 3047 630 3130 πολύτροφον
660 3045 715 3130 (οὐ
738 3047 902 3128 διψήσεως
924 3047 1017 3128 άκος,
1045 3045 1116 3110 ἀλλ’

117 3153 325 3237 ἐμφορήσεως
348 3152 455 3217 ἕνεκα·
478 3155 640 3216 πεπωκότι
666 3161 749 3236 γοῦν
771 3153 1024 3233 παρακελεύεται
1043 3168 1120 3216 συν-

117 3271 197 3344 εχῶς
218 3267 316 3324 τοῦτο
338 3269 460 3322 ποιεῖν·
484 3257 537 3322 “σὺ
560 3255 643 3340 μέν’,
667 3260 765 3340 φησί,
788 3256 873 3321 πῖνε
896 3255 1189 3342 καθημενος’),Ξο.

117 3363 170 3428 καὶ
199 3362 371 3442 ἐπιξύοντα
398 3365 500 3445 τυρὸν
528 3368 669 3444 αίγειον,
699 3360 751 3425 ἐπὶ
780 3358 817 3426 δὲ
845 3365 992 3444 κρόμυον
1018 3346 1224 3466 ποτοῦίχάἓξὲ·

118 3472 214 3552 ὄψον,
232 3471 292 3533 ἴνα
306 3473 419 3533 πλεῖον
437 3473 529 3552 πίνη,
546 3471 652 3532 καίτοι
671 3467 816 3552 ἀλλαχοῦ
835 3466 940 3549 λέγων
955 3468 1013 3532 τὸν
1028 3463 1151 3535 οἷνονΖ
1166 3454 1223 3538 κού

119 3576 246 3649 ἐκλύειν
264 3576 325 3665 την
345 3577 440 3667 ἰσχὺν
459 3572 513 3644 καὶ
532 3572 723 3661 ἀπογυιοῦν.
756 3571 830 3660 περὶ
850 3569 887 3639 δὲ
900 3571 1120 3661 τοῦἜκτορος
1138 3589 1154 3642 8
