2668 4002
200 135 243 199 36
607 142 639 194 X.
658 142 791 194 ΙΣΑΙΟΣ.

199 297 284 381 ὑμᾶς
300 299 574 383 εἰσεληλύθαμεν
594 295 686 365 οὗτοι
702 297 761 384 μέν
777 303 952 383 διαθήκαις
967 303 1215 385 ἰσχυριζόμενοι

200 405 379 486 τοιαύταις,
407 404 445 480 ἀς
468 405 592 482 ἐκεῖνος
615 405 746 471 διέθετο
770 406 846 490 μέν,
874 407 934 491 οὐχ
957 407 1035 490 ἡμῖν
1059 407 1215 488 ἐγκαλῶν

200 508 270 574 ἀλλ’
296 509 464 594 ὀργισθεὶς
485 523 552 576 τῶν
575 514 705 577 οἰκείων
728 511 794 577 τιυὶ
816 524 883 578 τῶν
905 511 1088 599 ἡμετέρων,
1113 516 1214 578 ἔλυσε

201 611 239 679 δέ
268 618 331 700 πρὸ
361 627 420 682 τοῦ
450 619 616 701 θανάτου,
648 617 776 702 πέμψας
806 620 1035 684 Ποσείδιππον
1065 619 1117 683 ἐπὶ
1147 619 1215 702 τήν

165 739 182 786 4
202 720 319 806 ἀρχήν
339 722 430 806 ἡμεῖς
449 718 486 787 δέ
504 721 593 806 γένει
611 722 672 808 μὲν
691 723 856 807 ἐγγυτάτω
875 730 1105 809 προσήκοντες,
1125 726 1214 808 χρῶ-

200 850 295 911 μενοι
317 823 349 892 δ’
371 827 484 916 ἐκείνφ
503 830 635 894 πάντων
655 833 848 914 οἰκειότατα,
868 831 1061 896 δεδωκότων
1080 828 1111 895 δ’
1128 831 1213 914 ήμῖν

200 935 254 997 καὶ
284 944 350 998 τῶν
380 938 493 1019 νόμων
523 935 603 1000 κατὰ
633 938 694 1019 τήν
722 935 909 1020 ἀγχιστείαν
936 935 991 1001 καὶ
1018 937 1122 1001 αὐτοῦ
1149 946 1212 1001 τοῦ

201 1041 405 1123 Κλεωνύμου
429 1041 484 1104 διδ
506 1042 567 1124 τήν
590 1046 706 1124 φιλίαν
725 1044 785 1126 τήν
804 1043 1018 1126 ὑπάρχουσαν
1037 1042 1138 1129 αύτῷ,
1162 1045 1211 1106 ε”τι

202 1140 239 1208 δέ
261 1145 478 1229 Πολυάρχου,
508 1156 567 1211 τοῦ
594 1149 714 1230 πατρὸς
741 1158 800 1213 τοῦ
824 1151 1044 1231 Κλεωνύμου,
1074 1149 1210 1212 πάππου

202 1247 232 1316 δ’
260 1250 436 1334 ἡμετέρου,
465 1253 724 1336 προστάξαντος,
756 1259 790 1317 εί
814 1277 845 1317 τι
875 1255 979 1318 πάθοι
1010 1254 1211 1337 Κλεώνυμος

201 1357 308 1438 δίπαις,
331 1355 410 1439 ήμῖυ
434 1358 552 1422 δοῦναι
575 1359 614 1422 τά
637 1359 746 1424 αὑτοῦ.

167 1481 182 1528 5
268 1465 405 1538 Δεινίας
432 1464 495 1548 γὰρ
524 1463 541 1530 ὁ
569 1473 629 1528 τοῦ
657 1467 778 1547 πατρὸς
806 1464 949 1550 ἀδελφὸς
972 1465 1210 1550 ἐπετρόπευσεν

200 1568 296 1650 ἡμᾶς,
318 1575 411 1645 θεῖος
434 1569 481 1634 ὢν
505 1568 673 1654 ὀρφανοὺς
697 1571 802 1646 ὄντας.
840 1571 1030 1658 Κλεωνύμῳ
1050 1569 1079 1634 δ’
1101 1567 1210 1652 οὗτος,

202 1668 228 1736 ὦ
258 1675 394 1758 ἄνδρες,
427 1675 586 1759 διάφορος
619 1675 666 1739 ὢν
698 1677 822 1760 ἔτυχεν.
873 1676 1027 1761 ὁπότερος
1056 1673 1117 1761 μὲν
1146 1671 1209 1742 οὖν

202 1779 312 1844 αὐτῶν
338 1775 382 1864 ήν
409 1789 466 1863 τής
491 1781 652 1863 διαφοράς
675 1787 792 1864 αίτιος,
821 1788 899 1858 ίσως
922 1783 982 1848 οὐκ
1006 1781 1085 1866 ἐμὸν
1109 1783 1209 1865 ἔργον

203 1884 270 1951 ἐστὶ
294 1898 502 1970 κατηγορεῖν
530 1887 618 1970 πλήν
641 1890 801 1952 τοσοῦτόν
823 1885 854 1971 γ’
876 1887 918 1952 ἀν
942 1889 1075 1964 δικαίως
1097 1887 1210 1964 αὐτοῖς

203 1990 399 2076 ἀμφοτέροις
426 1995 632 2076 μεμψαίμην,
661 1991 710 2055 ὅτι
737 1990 791 2057 καὶ
820 1996 911 2077 φίλοι
937 1993 1017 2069 τέως
1040 1995 1131 2070 ὄντες
1152 1992 1208 2058 καὶ

201 2097 398 2183 προφάσεως
420 2097 575 2182 οὐδεμιᾶς
598 2099 777 2182 γενομένης
799 2098 834 2163 ἐκ
858 2101 967 2180 λόγων
985 2109 1085 2163 τινῶν
1105 2099 1208 2176 οὕτως

167 2207 273 2288 εείκή
302 2206 384 2288 πρὸς
414 2203 577 2287 ἀλλήλους
607 2207 732 2289 ἐχθράν
761 2203 941 2269 ἀνείλοντο.
986 2201 1052 2269 τότ’
1083 2200 1145 2269 οὖν
1172 2204 1207 2270 ἐκ

201 2311 321 2393 ταύτης
342 2319 398 2393 τής
421 2309 521 2393 ὀργής
535 2311 734 2392 Κλεώνυμος
757 2311 874 2385 ταύτας
896 2322 1036 2375 ποιεῖται
1058 2310 1115 2386 τάς
1139 2313 1206 2374 δια-

201 2418 323 2500 θήκας,
356 2416 416 2501 οὐχ
445 2415 525 2499 ἡμῖν
555 2415 717 2499 ἐγκαλῶν,
750 2416 794 2491 ὡς
823 2417 963 2502 ὕστερον
993 2428 1105 2501 σαφῶς
1135 2415 1206 2500 ἐδή-

203 2527 326 2605 λωσεν,
354 2523 442 2603 ὁρῶν
470 2519 501 2586 δ’
526 2521 610 2606 ἡμᾶς
634 2521 949 2605 ἐπιτροπευομέυους
970 2522 1035 2586 ὑπὸ
1059 2527 1206 2605 Δεινίου,

202 2626 256 2693 καὶ
289 2629 406 2704 δεδιὼς
437 2629 481 2711 μή
514 2631 736 2710 τελευτήσειεν
768 2627 866 2704 αὐτὸς
898 2631 945 2692 ἔτι
976 2628 1095 2704 παῖδας
1126 2627 1206 2712 ἡμᾶς

202 2735 390 2800 καταλιπὼν
413 2732 468 2798 καὶ
490 2745 549 2817 τής
572 2733 685 2808 οὐσίας
707 2732 864 2816 ἡμετέρας
886 2735 987 2816 οὔσης
1005 2733 1133 2816 γένοιτο
1152 2735 1206 2798 κύ-

203 2864 273 2926 ριος
300 2843 452 2915 Δεινίας
484 2840 594 2922 ήγεῖτο
625 2840 686 2922 γάρ
716 2841 828 2904 δεινὸν
855 2835 940 2903 εἶναι
967 2841 1026 2903 τὸν
1054 2842 1205 2924 ἐχθίστω

202 2958 269 3012 τῶν
292 2949 424 3012 οίκείων
448 2945 624 3028 ἐπίτροπον
647 2942 701 3008 καὶ
724 2945 840 3027 κύριον
864 2957 930 3008 τῶν
954 2944 1056 3009 αὑτοῦ
1078 2951 1205 3010 καταλι-
1302 2973 1304 3016 ;

202 3064 278 3119 πεῖν
301 3051 355 3117 καὶ
374 3065 482 3118 ποιεῖν
503 3052 590 3138 αύτῷ
611 3051 649 3114 τδι
668 3054 865 3134 νομιζόμενα
883 3059 1013 3132 τοῦτον,
1040 3049 1101 3126 ἕως
1117 3051 1205 3136 ἡμεῖς

169 3161 403 3244 ῖήβήσαιμευ,
438 3153 465 3245 ᾧ
503 3162 565 3236 ζῶν
600 3157 760 3241 διάφορος
791 3152 849 3239 ήν·
886 3166 986 3221 ταῦτα
1020 3157 1206 3240 διανοηθεὶς

204 3264 338 3347 ἐκεῖνος,
361 3261 416 3329 εἴτ’
442 3265 551 3348 ὀρθῶς
575 3268 637 3326 είτε
662 3263 717 3345 μή,
740 3262 796 3337 τάς
820 3262 981 3344 διαθήκας
1004 3263 1121 3338 ταύτας
1144 3263 1204 3328 διέ-

203 3379 292 3437 δετο.
329 3370 470 3455 ὕστερον
494 3365 530 3434 δὲ
553 3369 692 3450 τούτων,
715 3366 733 3431 δ
757 3364 911 3449 μέγιστον
933 3365 1012 3450 ήμῖυ
1034 3369 1205 3452 τεκμήριον

205 3478 256 3543 ὅτι
290 3473 368 3542 ούδέ
399 3473 491 3542 ταῦτ’
525 3473 663 3558 ἔπραξεν
693 3474 777 3558 ἡμᾶς
806 3473 963 3557 βλάπτειν
991 3475 1203 3556 βουλόμενος·
