2668 4002
460 211 505 262 ιιι.
526 208 813 279 [ΔΗαοεουαΗεη
1097 206 1140 270 43

135 370 197 451 γάρ
221 369 331 452 ἡγεῖτο
355 370 484 434 δίκαιον
506 365 592 435 εἶναι
615 372 659 454 μή
682 373 845 452 παρόντος
863 393 899 451 γε
919 380 979 435 τοῦ
997 367 1141 456 κυρίου),

136 474 172 540 ἐν
196 471 233 540 δέ
252 485 297 562 τῷ
316 486 376 541 τοῦ
390 474 614 560 Ἀνθεμίωνος
632 480 741 564 χωρίῳ
761 477 807 576 ἐχν
826 475 911 560 ἐώρα
931 477 970 540 τά
988 500 1021 540 τε
1041 477 1140 559 σκεύη

137 580 338 666 ἐκφερόμενα
369 581 424 647 καί
452 583 602 667 Εὔεργον
633 585 688 647 καλ
719 585 895 674 Θεόφημον
929 582 1073 660 ἐξιόντας
1105 582 1140 646 ἐκ

136 697 192 770 τῆς
210 687 288 772 ἐμῆς
311 689 422 765 οἰκίας.
461 688 502 753 οὐ
525 692 630 772 μόνον
649 691 775 771 τοίνυν,
799 685 962 773 ὦάνὸρες
981 689 1141 770 δικασταί,
1163 705 1193 752 10

137 797 293 877 λαβόντες
321 817 386 878 μου
416 795 455 858 τά
485 796 584 878 σκεύη
616 792 757 881 ᾤχοντο,
788 793 870 858 ἀλλά
898 792 953 858 καὶ
980 796 1038 859 τὸν
1065 795 1141 859 υίὸν

136 895 219 984 ήγον
244 901 287 976 ὡς
309 899 451 984 οἰκέτην,
473 900 534 976 ἕως
556 911 621 965 τῶν
645 904 803 983 γειτόνων
826 899 1014 983 ἀπαντήσας
1032 899 1143 975 αὐτοῖς

131 1002 331 1091 Ἑρμογένης
353 1001 460 1088 εἶπεν,
484 1007 533 1070 ὅτι
555 1007 628 1082 υίός
650 1030 714 1090 μου
738 1012 797 1089 εἰη.

200 1109 330 1195 Ἐπειδὴ
358 1117 473 1179 τοίνυν
501 1135 557 1196 μοι
581 1111 770 1195 άπηγγέλθη
795 1114 841 1187 εἰς
863 1117 1005 1193 Πειραιᾶ
1028 1113 1067 1177 τά
1089 1134 1142 1194 γε-
1165 1127 1193 1174 11

137 1214 287 1301 γενημέν’
313 1219 377 1284 ὑπὸ
399 1229 466 1284 τῶν
487 1221 658 1301 γειτόνων,
681 1218 792 1283 ἐλθὼν
814 1221 861 1294 εἰς
884 1217 988 1300 ἀγρὸν
1006 1219 1142 1293 τούτους

137 1318 197 1405 μὲν
221 1323 329 1389 ούκέτι
352 1325 601 1408 καταλαμβάνω,
625 1325 707 1389 ἰδὼν
728 1320 765 1389 όέ
783 1325 822 1388 τά
842 1323 877 1388 ἐκ
894 1332 951 1405 τής
969 1326 1074 1399 οίκίας
1092 1323 1141 1388 ἐκ-

137 1428 347 1512 π;φορημένα
373 1433 427 1496 καὶ
454 1432 515 1513 τήν
543 1441 650 1514 γραῦν
677 1431 721 1506 ὡς
749 1428 902 1513 διέκειτο,
931 1427 985 1494 καὶ
1011 1429 1142 1495 ἀκούων

136 1544 193 1618 τής
219 1538 376 1616 γυναικὸς
402 1538 442 1601 τὰ
470 1540 647 1621 γενόμενα,
678 1537 876 1621 προσελθὼν
904 1545 947 1623 τῷ
978 1538 1142 1623 Θεοφήμῳ

136 1649 175 1725 τῇ
203 1641 359 1729 ὑστεραία
386 1641 492 1708 ἔωθεν
522 1641 558 1708 ἐν
580 1651 619 1728 τῇ
642 1646 735 1708 πόλει
758 1643 925 1726 μάρτυρας
948 1644 1046 1727 ἔχων,
1076 1639 1143 1705 ἐκέ-

137 1752 237 1812 λευον
260 1747 362 1812 αὐτὸν
384 1759 515 1832 πρῶτον
538 1745 599 1832 μέν
622 1751 683 1832 τήν
701 1751 880 1830 καταδίκην
900 1747 1143 1830 ἀπολαμβάνειν

137 1851 191 1917 καὶ
215 1851 414 1919 ἀκολουθεῖν
438 1853 490 1920 ἐπὶ
513 1856 574 1939 τήν
596 1856 773 1939 τράπεζαν,
796 1857 905 1918 ἔπειτα
929 1855 988 1937 τήν
1011 1855 1143 1932 άνθρω-

137 1981 201 2024 πον
229 1961 444 2042 θεραπεύειν,
473 1960 515 2044 ἣν
541 1959 744 2043 συνέκοψαν,
774 1958 828 2024 καὶ
853 1962 965 2045 ἰατρὸν
989 1959 1143 2041 εἰσάγειν,

138 2064 177 2128 ὃν
200 2062 295 2129 αὐτοὶ
316 2067 501 2151 βούλοιντο.
546 2075 648 2131 ταῦτα
671 2064 711 2131 δέ
731 2090 796 2149 μου
819 2064 972 2148 λέγοντος
995 2064 1048 2144 καί
1072 2067 1143 2129 (λια-
1165 2081 1195 2128 12

138 2169 402 2255 μαρτυρομένου,
430 2172 512 2236 κακά
535 2195 574 2256 με
598 2168 693 2236 πόλλ’
719 2173 866 2247 εἰπόντες
889 2172 906 2236 ὁ
931 2168 991 2254 μέν
1016 2174 1144 2255 Θεόφη-

138 2299 198 2359 μος
224 2276 403 2358 ἠκολούθει
431 2280 539 2360 μόλις,
568 2278 736 2360 διατριβάς
762 2276 906 2361 ἐμποιῶν
929 2275 984 2341 καί
1006 2278 1144 2362 φάσκων

137 2383 320 2466 βούλεσθαι
339 2381 393 2447 καί
413 2383 511 2459 αὐτός
529 2406 620 2458 τινας
633 2386 836 2468 παραλαβεῖν
850 2383 1016 2466 μάρτυρας
1030 2380 1144 2469 (ταῦτα

139 2485 168 2552 θ’
191 2490 281 2570 ἔλεγε
304 2489 466 2574 τεχνάζων
489 2497 548 2553 τοῦ
569 2491 690 2572 χρόνον
710 2487 932 2572 ἐγγενέσθαι),
956 2488 973 2554 ὁ
993 2486 1023 2555 δ’
1041 2490 1144 2575 Εὔερ-

137 2617 195 2676 γος
224 2593 328 2670 εὐθὺς
355 2593 390 2659 ἐκ
416 2603 473 2677 τῆς
500 2597 625 2670 πόλεως
652 2592 727 2677 μεθ’
758 2591 877 2679 ἐτέρων
905 2595 1028 2677 ὁμοίων
1057 2593 1143 2682 αὑτῷ

138 2700 248 2765 ἐλθὼν
285 2701 331 2776 εἰς
366 2698 471 2783 άγρὸν
507 2700 546 2764 τά
582 2699 746 2765 ὑπόλοιπα
784 2701 902 2782 σκεύη,
940 2706 972 2764 εἰ
999 2723 1074 2764 τινα
1105 2709 1143 2785 τῇ

137 2809 315 2892 προτεραίᾳ
343 2805 379 2871 ἐν
402 2815 446 2892 τῷ
469 2807 584 2894 πύργῳ
607 2801 650 2888 ήν
672 2804 726 2870 καὶ
750 2805 810 2871 οὐκ
834 2808 947 2889 ἐτυχεν
969 2804 1030 2882 ἔξω
1054 2808 1144 2888 ὄντα,

138 2911 250 2995 ἐπειδή
279 2909 310 2976 δ’
335 2911 397 2995 ἐγὼ
425 2906 534 2994 ἦλθον
562 2912 617 2976 διά
644 2912 704 2994 τήν
728 2915 840 2996 χρείαν
863 2909 1065 2995 κατηνέχθη,
1095 2910 1144 2975 ἐ-

138 3018 250 3101 βαλὼν
278 3019 338 3100 τήν
360 3018 489 3101 θύραν,
516 3018 619 3101 ήνπερ
642 3015 697 3082 καὶ
719 3026 757 3100 τῇ
780 3021 957 3102 προτεραίᾳ
981 3015 1145 3100 ἐξέβαλον,

138 3135 243 3199 κακῶς
273 3121 500 3205 ἐνεστηκυῖαν,
530 3120 631 3210 ᾤχετό
661 3146 725 3205 μου
757 3124 867 3205 λαβὼν
895 3123 936 3185 τά
964 3123 1078 3207 σκεύη·
1120 3105 1145 3208 ᾧ

139 3230 213 3294 οὔτε
244 3231 339 3311 δίκην
367 3227 548 3313 ὠφλήκειν,
577 3227 652 3292 οὔτε
681 3230 885 3310 συμβόλαιον
913 3223 954 3311 ἦν
982 3253 1038 3312 μοι
1065 3231 1146 3313 πρὸς

139 3334 240 3401 αὐτὸν
260 3334 368 3400 οὐδέν.
402 3333 585 3408 ἐκτίνοντος
604 3330 643 3397 δέ
659 3357 723 3416 μου
737 3341 782 3419 τῷ
799 3335 974 3421 Θεοφήμῳ,
993 3327 1018 3422 95
1035 3335 1144 3418 ὠφλή-
1165 3352 1197 3400 13

137 3464 209 3506 κειν
227 3442 288 3523 τήν
307 3441 415 3523 δίκην,
434 3438 546 3521 ἐπειδή
566 3436 710 3516 ἐξέτινον
728 3444 860 3504 πολλῶν
876 3442 1050 3522 παρόντων
1065 3464 1145 3526 μαρ-

138 3548 248 3634 τύρων
273 3550 379 3631 χιλίας
401 3540 462 3629 μὲν
485 3542 539 3609 καὶ
564 3541 679 3609 ἑκατὸν
703 3544 849 3629 δραχμάς
871 3545 932 3628 τήν
955 3546 1144 3628 καταδίκην,
