2668 4002
533 234 567 286 X.
585 233 717 284 ΙΣΑΙΟΣ.

521 482 726 566 ISAEVS

121 637 195 672 unus
214 635 248 673 ex
267 619 363 674 decom
378 618 535 674 oratoribus
549 618 652 674 Atticis
667 637 730 673 oum
743 618 774 673 iu
788 618 888 673 ceteris
903 619 995 674 causis
1009 619 1127 690 privatis

120 693 182 744 tum
199 689 320 744 maxime
339 690 369 744 in
386 689 565 744 hereditariis
584 689 688 752 iteruin
715 708 770 759 qua
788 707 817 744 re
836 690 1046 758 Demosthenes,
1066 708 1128 745 cum

119 759 262 814 tutoribus
281 761 339 815 suis
352 761 432 815 litam
446 760 591 814 intendere
605 760 635 814 in
650 761 743 886 afnirmo
758 759 884 830 haberet,
903 760 1054 831 disciplina
1069 760 1128 815 eins

492 849 558 885 usus
581 848 642 887 essa
673 848 688 886 e
717 849 757 886 ur.

272 1029 310 1093 X.
339 1029 389 1093 Do
411 1030 589 1095 hereditate
614 1054 633 1094 a
655 1028 832 1112 Cleonymo
856 1030 977 1095 relicta.

440 1150 464 1220 (Ι
479 1157 555 1204 1-4.
575 1156 671 1205 o--aa
691 1152 815 1220 ιο-εο.)

194 1273 234 1326 Da
252 1271 332 1326 bonis
351 1271 533 1340 aOleonymo
552 1272 657 1326 relictis
676 1275 786 1326 certant
803 1273 904 1327 sororis
924 1273 983 1327 eius
1002 1272 1061 1342 filii,
1080 1273 1130 1343 qui

123 1342 329 1412 cognatione
353 1343 381 1396 ei
405 1346 470 1396 sunt
493 1342 623 1412 proximi,
646 1360 707 1397 cum
728 1343 899 1398 consobrinis
919 1345 1056 1407 defuncti,
1081 1345 1130 1412 qui

121 1416 332 1468 testamento
349 1413 477 1467 nituntur
490 1415 530 1485 (in
544 1413 646 1483 quibus
661 1416 727 1467 sunt
739 1414 908 1483 Posidippus
923 1420 964 1481 §3
980 1418 1010 1468 et
1017 1414 1128 1469 Diocles

123 1490 154 1550 ξς
169 1492 194 1539 9.
211 1486 262 1554 16).
290 1484 447 1538 concedunt
464 1484 507 1536 illi
526 1484 639 1552 quidem
653 1487 854 1538 testamentum
869 1502 930 1539 esso
945 1485 1059 1553 fantum,
1079 1486 1129 1540 sed

122 1554 262 1608 iudicibus
281 1559 448 1624 persuadere
468 1558 604 1609 conantur·
618 1555 798 1623 Cleonymum
816 1558 1011 1625 aegrotantem
1030 1557 1065 1610 ab
1083 1556 1128 1610 his

122 1625 290 1695 impeditum
308 1642 377 1694 esse,
397 1625 544 1693 quominus
563 1628 764 1680 testamentum
782 1626 853 1679 illud
872 1630 1001 1680 mutaret.
1013 1659 1045 1666 -
1057 1632 1088 1693 ἐξ
1103 1635 1127 1682 4.

124 1704 148 1751 9.
166 1704 197 1751 15
217 1697 349 1750 dicuntur
367 1693 396 1751 oi
408 1697 540 1765 ἀρχοντες
553 1696 598 1750 vel
617 1695 634 1764 ἡ
650 1696 722 1766 ἀργή
739 1696 758 1750 i.
769 1713 792 1750 e.
806 1696 991 1766 magistratus
1006 1695 1128 1765 quidam,

124 1768 199 1836 apud
222 1784 292 1835 quos
315 1769 515 1820 testamentum
539 1767 697 1836 depositum
721 1770 788 1821 erat.
827 1769 863 1821 ad
887 1773 902 1834 ξ
925 1775 957 1821 14
974 1769 1129 1822 notandum

124 1842 169 1892 est
186 1855 220 1892 ex
233 1838 296 1906 lege
309 1836 420 1892 irritum
435 1854 495 1892 essa
509 1841 709 1892 testamentum
725 1838 760 1891 ab
775 1838 886 1892 homine
900 1837 999 1893 insano
1014 1839 1129 1896 factum,

190 1983 305 2065 Πολλὴ
337 1978 398 2067 μὲν
429 1983 450 2065 ἡ
482 1986 645 2067 μεταβολή
677 2007 733 2067 μοι
761 1981 913 2066 γέγονεν,
947 1978 971 2047 ὦ
1000 1985 1163 2069 ἀνδρες,ι

124 2092 377 2171 τελευτήσαντος
396 2089 611 2172 Κλεωνύμου.
649 2088 772 2165 ἐκεῖνος
795 2090 857 2172 γάρ
882 2091 945 2166 ζῶν
967 2085 1028 2171 μὲν
1051 2089 1130 2172 ἡμῖν

123 2193 273 2259 κατέλιπε
300 2196 360 2277 τὴν
388 2194 520 2277 οὐσίαν,
550 2193 730 2259 ἀποθανὼν
759 2191 795 2259 δὲ
822 2196 1033 2260 κινδυνεύειν
1055 2193 1130 2277 περὶ

125 2301 224 2383 αὐτῆς
251 2305 414 2383 πεποίηκε.
459 2298 514 2364 καὶ
542 2303 613 2365 τότε
642 2296 702 2383 μὲν
730 2301 834 2376 οὕτως
861 2298 916 2364 ὑπ’
940 2300 1042 2365 αὐτοῦ
1066 2317 1129 2365 σω-

124 2410 256 2491 φρόνως
291 2405 549 2488 ἐπαιδευόμεθα,
586 2403 663 2470 ὥστ’
696 2404 768 2470 οὐδ’
802 2405 1041 2490 ἀκροασόμενοι
1074 2407 1131 2471 οὐ-

126 2509 233 2577 δέποτ’
256 2513 404 2595 ἤλθομεν
428 2509 479 2575 ἐπὶ
504 2512 726 2595 δικαστήριον,
749 2522 813 2577 νῦν
836 2508 866 2576 δ’
890 2511 1132 2596 ἀγωνιούμενοι

124 2617 199 2702 περὶ
230 2618 364 2682 πάντων
393 2618 517 2701 ἥκομεν
544 2629 610 2682 τῶν
638 2617 869 2702 ὑπαρχόντων·
907 2617 948 2682 ού
974 2619 1037 2701 γὰρ
1065 2629 1132 2683 τῶν

126 2724 330 2807 Κλεωνύμου
360 2726 465 2806 μόνον
492 2723 757 2807 ἀμφισβητοῦσιν
786 2722 869 2788 ἀλλά
896 2721 951 2787 καὶ
977 2735 1044 2788 τῶν
1071 2745 1132 2788 κα-

125 2827 257 2916 τρῴων,
289 2829 435 2913 ὀφείλειν
464 2827 516 2894 ε’ττὶ
544 2831 672 2904 τούτοις
698 2829 782 2913 ἡμᾶς
810 2829 923 2918 ἐκείνω
950 2830 1133 2914 φάσκοντες

126 2934 294 3018 ἀργύριον.
340 2933 394 2999 καὶ
422 2935 457 2999 οἱ
482 2931 542 3018 μὲν
570 2937 685 2999 οἰκεῖοι
713 2933 767 2999 καὶ
796 2936 831 2999 ού
855 2938 1075 3019 προσήκοντες
1099 2937 1166 3001 oia

125 3042 251 3106 τούτων
283 3038 433 3116 ἀξιοῦσιν
465 3041 548 3123 ἡμᾶς
580 3039 634 3104 καὶ
663 3051 730 3104 τῶν
761 3041 1053 3124 ὁμολογουμένων,
1085 3035 1132 3105 ὧν

126 3147 325 3229 Κλεώνυμος
357 3145 543 3229 κατέλιπεν,
576 3147 687 3222 αὐτοῖς
719 3148 941 3229 ἰσομοιρῆσαν
975 3142 1066 3211 οὗτοι
1095 3144 1132 3212 δὲ

124 3255 171 3328 εἰς
193 3248 289 3317 τοῦθ’
315 3253 455 3335 ἥκουσιν
478 3251 726 3336 ἀναισχυντίας,
755 3253 837 3316 ὥστε
860 3250 913 3316 καὶ
936 3253 975 3317 τά
998 3260 1133 3339 πατρῷα

125 3356 395 3442 αροσαφελέσθαι
421 3359 573 3441 ζητοῦσιν
596 3357 690 3441 ἡμᾶς,
714 3357 774 3421 οὐκ
797 3356 1006 3439 ἀγνοοῦντες,
1030 3353 1055 3421 ὦ
1075 3359 1133 3423 ἀν-

125 3464 215 3548 δρες,
247 3465 284 3528 τὸ
316 3463 462 3542 δίκαιον,
494 3462 577 3527 ἀλλά
607 3463 733 3544 πολλὴν
756 3462 850 3545 ἡμῶν
873 3461 1010 3547 ἐρημίαν
1034 3483 1165 3528 κατα-3

124 3572 268 3652 γνόντες.
315 3568 483 3646 σκέψασθε
511 3569 589 3652 γάρ,
618 3560 667 3644 οἷς
690 3565 836 3652 ἑκάτεροι
859 3570 1067 3644 πιστεύοντες
1090 3568 1134 3645 ὡς

938 3677 954 3726 3
961 3670 975 3703 *
