2668 4002
184 211 227 274 56
511 217 587 270 x111.
605 216 868 271 ΔΗΜοΣοοαΗΣ.

179 370 276 457 μένη,
302 372 372 458 τάχ’
393 374 435 440 ἂν
457 376 597 460 ἠδίκουν
620 375 687 459 ἐγὼ
713 379 758 461 μῆ
781 379 973 462 δεχόμενος,
1001 379 1109 463 ὥσπερ
1134 374 1186 442 ἄν’

179 473 261 562 ἕτερ’
282 481 361 545 άττα
383 493 449 547 τῶν
472 487 602 566 χωρίων
621 482 706 549 εἰσὶν
726 484 994 567 ὁμολογούμεναι
1012 485 1189 569 χαράδραι·

179 581 233 649 καὶ
251 586 382 664 ταύταις
401 586 551 674 δέχονται
570 586 630 673 μέν
649 591 684 655 οί
700 600 826 675 πρῶτοι
845 591 922 665 τοὺς
940 588 976 654 ἐκ
994 601 1060 655 τῶν
1075 592 1190 655 οἰκιῶν

179 691 389 777 χειμάρρους,
416 694 504 778 παρὰ
536 695 664 760 τούτων
692 691 723 759 δ’
748 693 853 778 ἕτεροι
875 694 1190 778 παραλαμβάνουσιν

180 797 345 874 ὡσαύτως·
369 800 469 884 ταύτη
489 797 520 864 δ’
542 801 621 864 οὔτε
640 802 869 882 παραδίδωσιν
888 798 998 876 οὐδεὶς
1017 801 1091 865 οὔτε
1109 796 1185 882 παρ’

180 902 260 986 ἐμοῦ
284 906 539 989 παραλαμβάνει
587 916 657 983 πῶς
680 905 722 970 άν
745 901 807 971 οὖν
830 912 880 990 είη
904 915 1001 972 τοῦτο
1024 906 1188 991 χαράδρας

131 1025 164 1074 18
180 1011 217 1073 τὸ
241 1006 270 1073 δ’
294 1012 447 1075 εἰσπεσὸν
469 1011 561 1096 ὕδωρ
586 1014 706 1094 ἔβλαψε
729 1011 803 1095 μέν,
827 1008 928 1096 οἶμαι,
951 1012 1108 1088 πολλάκις
1125 1013 1189 1096 ῆδη

179 1118 322 1191 πολλοὺς
344 1118 389 1200 μῆ
412 1115 675 1201 φυλαξαμένους,
699 1120 820 1201 ἔβλαψε
845 1113 880 1182 δὲ
903 1115 958 1182 καὶ
979 1127 1044 1181 νῦν
1061 1127 1189 1183 τοῦτον.

181 1219 199 1285 δ
226 1219 280 1285 καίΙ
307 1222 440 1287 πάντων
468 1220 535 1288 έστλ
565 1224 774 1302 δεινότατον,
802 1224 833 1288 εί
854 1226 1039 1306 Καλλικλῆς
1060 1219 1121 1308 μὲν
1144 1225 1191 1300 είς

180 1328 217 1391 τὸ
245 1331 366 1410 χωρίον
394 1329 607 1403 εἰσπεσόντος
633 1337 694 1392 τοῦ
717 1328 837 1404 ὕδατος
860 1326 1051 1412 ἁμαξιαίους
1073 1333 1191 1405 λίθους
1314 1413 1315 1418 ¹

181 1435 402 1516 προσκομίσας
431 1432 649 1517 ἀποικοδομεῖ
654 1481 664 1514 ,
693 1443 752 1498 τοῦ
783 1429 820 1498 δὲ
849 1436 985 1519 πατρός,
1015 1434 1065 1498 ὅτι
1091 1445 1189 1500 τοῦτο

182 1540 349 1614 παθόντος
371 1548 432 1603 τοῦ
455 1543 578 1624 χωρίου
601 1541 906 1627 περιῳκοδόμησεν,
930 1540 974 1616 ὡς
996 1539 1207 1617 ἀδικοῦντος

182 1641 256 1727 ἐμοὶ
272 1645 397 1728 βλάβης
415 1648 521 1728 είληχε
544 1647 649 1729 δίκην.
681 1649 788 1711 καίτοι
807 1648 838 1710 εί
855 1644 929 1710 ὅσοι
947 1657 1053 1721 κακῶς
1069 1649 1190 1712 πεπόν-

182 1756 286 1815 θασιν
303 1750 368 1815 ὑπὸ
387 1761 454 1815 τῶν
474 1750 607 1814 ὑδάτων
625 1761 691 1815 τῶν
710 1752 811 1837 ταύτῃ
830 1751 976 1834 ῥεόντων
990 1748 1062 1835 έμολ
1074 1750 1190 1835 λῆξον-

182 1879 235 1920 ται
258 1857 361 1938 δίκας,
384 1851 463 1921 οὐδὲ
485 1857 717 1921 πολλαπλάσια
740 1860 901 1940 γενόμενα
919 1856 959 1921 τά
977 1853 1044 1922 ἰόντ’
1063 1856 1191 1938 ἐξαρκέ-

133 1980 166 2027 14
183 1979 271 2028 σειεν
293 1964 335 2027 άν
358 1985 422 2046 μοι.
460 1971 619 2027 τοσοῦτον
637 1966 753 2027 τοίνυν
772 1961 994 2047 διαφέρουσιν
1013 1958 1105 2029 οὗτοι
1123 1976 1190 2029 τῶν

183 2070 310 2152 ἄλλων,
338 2069 420 2133 ὥστε
447 2071 651 2144 πεπονθότες
678 2064 739 2152 μέν
767 2066 882 2150 οὐδέν,
909 2067 953 2144 ὡς
980 2065 1083 2153 αὐτίχ’
1110 2069 1191 2154 ὑμῖν

184 2174 248 2257 ἐγὼ
279 2185 391 2258 σαφῶς
421 2172 588 2256 ἐπιδείξω,
619 2178 752 2239 πολλῶν
783 2169 819 2238 δὲ
848 2175 954 2238 πολλὰ
983 2171 1037 2238 καὶ
1067 2175 1191 2258 μεγάλα

183 2279 430 2365 βεβλαμμένων,
449 2282 545 2363 μόνοι
566 2280 755 2358 δικάζεσθαι
769 2282 1004 2363 τετολμήκασιν
1019 2275 1114 2345 οὗτοί
1124 2304 1191 2363 μοι.

184 2387 308 2453 οὐκοῦν
331 2386 455 2468 δεινόν,
478 2380 503 2449 ὦ
527 2386 649 2469 άνδρες
668 2387 830 2467 δικασταί,
852 2384 990 2461 τούτους
1008 2381 1069 2468 μὲν
1087 2383 1192 2470 μηδὲν
1268 2417 1271 2424 ·

185 2493 334 2576 ἐγκαλεῖν
352 2515 408 2575 μοι
421 2501 564 2557 τοσαῦτα
577 2490 837 2575 βεβλαμμένους,
856 2487 933 2573 μηδ’
949 2492 1051 2557 άλλον
1065 2490 1191 2576 μηδένα

184 2610 249 2664 τῶν
272 2599 494 2682 ἠτυχηκότων,
517 2596 601 2662 άλλύι
620 2597 682 2679 τῆν
700 2598 801 2681 τύχην
821 2593 979 2678 στέργειν,
1002 2597 1134 2663 τουτονὶ
1153 2595 1191 2664 δέ

185 2715 419 2788 συκοφαντεῑν;
450 2701 489 2767 δν
520 2703 569 2767 ὅτι
599 2699 660 2786 μέν
690 2703 788 2779 αὐτὸς
816 2701 1030 2786 ἐξημάρτηκε,
1059 2716 1191 2788 πρῶτον

184 2807 244 2895 μὲν
269 2813 329 2894 τῆν
353 2809 434 2875 ὁδὸν
457 2807 651 2891 στενοτέραν
674 2812 829 2892 ποιῆσας,
857 2805 1023 2890 ἐξαγαγὼν
1047 2808 1107 2886 ἔξω
1130 2810 1191 2892 τῆν

184 2917 351 3001 αίμασιάν,
369 2916 425 2980 ἵνα
438 2914 477 2979 τά
493 2914 614 2998 δένδρα
629 2925 685 2998 τῆς
700 2915 782 2981 ὁδοῦ
796 2917 964 2997 ποιήσειεν
978 2920 1067 2998 είσω,
1082 2918 1191 2981 ἔπειτα

185 3019 222 3088 δέ
247 3025 306 3088 τὸν
333 3023 457 3106 χλῆδον
484 3019 632 3104 ἐκβαλὼν
660 3024 706 3098 είς
733 3022 793 3104 τῆν
817 3021 913 3101 ὁδόν,
941 3019 973 3098 ἐξ
997 3014 1044 3085 ὧν
1066 3021 1191 3116 ὑψηλοῇ

184 3128 281 3213 τέραν
309 3127 413 3210 αὐτὴν
439 3125 494 3192 καὶ
522 3125 718 3209 στενοτέραν
746 3132 946 3209 πεποιῆσθαι
974 3125 1191 3211 συμβέβηκεν,

134 3253 165 3301 15
185 3235 220 3301 ἐκ
246 3246 313 3299 τῶν
335 3243 525 3318 μαρτυριῶν
549 3230 654 3298 αὐτίκ’
677 3238 807 3298 είσεσθε
832 3230 1051 3316 σαφέστερον·
1082 3231 1132 3297 ὅτι
1155 3231 1187 3298 δ’

185 3336 285 3407 οὐδέν
308 3339 524 3415 ἀπολωλεκὼς
547 3334 626 3404 οὐδὲ
649 3337 954 3422 καταβεβλαμμένος
977 3336 1070 3415 άξιον
1088 3341 1191 3421 λόγου

184 3445 380 3531 τηλικαύτην
408 3469 464 3528 μοι
493 3446 589 3527 δίκην
616 3449 741 3529 είληχε,
768 3442 863 3510 τοῦθ’
887 3444 971 3528 ὑμᾶς
993 3445 1057 3527 ῆδη
1079 3444 1191 3525 πειρά-

185 3570 284 3641 σειν
308 3551 487 3622 διδάσκειν·
533 3561 590 3640 τῆς
612 3552 676 3639 νᾰε
700 3552 821 3638 amobe
843 3560 900 3640 τῆς
924 3549 1001 3638 ἐνῆς
1023 3548 1192 3640 νεωμένη
