2668 4002
499 231 583 282 μοι.
602 230 750 283 mm.
1086 227 1128 290 47

124 391 252 472 ῆλασαν
275 391 340 474 βίᾳ.
385 387 439 454 καί
462 390 624 455 τοσούτου
648 388 782 474 ἐδέησεν
805 391 893 478 αὐτῷ
914 395 1131 475 μεταμελῆσαι

124 507 190 560 τῶν
213 494 439 580 ὑβρισμένων,
462 493 538 561 ὥστ’
561 495 718 579 ἐξευρών,
742 491 783 562 οὗ
807 495 1034 580 ἐδειπνοῦμεν,
1057 495 1131 562 άτο-

123 603 274 666 πιότατον
296 609 429 686 πρᾶγμα
451 604 505 666 καὶ
529 601 745 667 ἀπιστότατον
769 602 938 686 ἐποίησεν,
963 604 994 667 εἰ
1015 606 1058 686 μῆ
1082 626 1131 678 τις

124 708 226 790 εἰδείη
250 708 311 790 τῆν
334 709 453 772 τούτου
477 711 607 791 μανίαν.
644 706 817 785 ἐκκαλέσας
841 710 902 792 γάρ
924 708 958 792 μ’
979 710 1131 789 ἐνδοθεν,

125 812 237 895 ἐπειδὴ
256 810 378 897 τάχιστ’
402 812 555 897 ἐξῆλθον,
578 813 681 889 εὐθύς
699 837 738 897 με
757 815 890 879 τύπτειν
910 814 1131 900 ἐπεχείρησεν·

125 918 238 1002 ἐπειδὴ
267 916 297 983 δ’
323 918 424 983 αὐτὸν
451 919 626 1002 ἠμυνάμην
655 918 785 1003 ένστάς,
813 919 932 1002 ἐβαλλέ
952 943 990 1004 με
1015 923 1131 995 λίθοις.

124 1023 179 1090 καί
203 1025 284 1108 ε’μοῦ
307 1020 368 1108 μέν
390 1022 578 1109 ἁμαρτάνει,
599 1023 839 1108 Ἀριστοκρίτου
859 1023 905 1108 δ’,
928 1025 964 1102 δς
981 1022 1057 1111 παρ’
1076 1021 1131 1108 ἐμὲ

123 1127 208 1215 ἦλθε
237 1127 303 1214 μετ’
332 1129 450 1212 αὐτοῦ,
477 1132 589 1215 βαλὼν
612 1135 697 1220 λίθφ
722 1135 889 1219 συντρίβει
912 1134 949 1197 τὸ
972 1130 1130 1215 μέτωπον.

125 1237 189 1320 ἐγὼ
216 1241 348 1319 τοίνυν,
376 1233 401 1302 ὦ
429 1240 550 1320 βουλή,
577 1237 760 1320 ἡγούμενος
783 1233 844 1320 μέν
868 1239 960 1304 δεινά
982 1239 1167 1322 πάσχειν,4

124 1345 364 1429 αἰσχυνόμενος
391 1339 427 1407 δὲ
455 1352 493 1428 τῆ
522 1351 692 1427 συμφορᾷ,
720 1344 898 1428 ἠνειχόμην
925 1342 980 1408 καὶ
1005 1348 1131 1427 μᾶλλον

124 1446 277 1535 ᾑρούμην
301 1450 345 1531 μῆ
369 1452 482 1531 λαβεῖν
504 1450 631 1513 τούτων
653 1459 720 1513 τῶν
740 1447 978 1534 ἁμαρτημάτων
997 1451 1092 1533 δίκην
1110 1448 1131 1532 ἣ

125 1554 218 1632 δόξαι
246 1565 314 1630 τοῖς
341 1558 489 1629 πολίταις
515 1554 653 1638 ἀνόητος
681 1551 782 1638 εἶναι,
809 1556 904 1631 εἰδὼς
932 1555 981 1619 ὅτι
1009 1563 1047 1639 τῆ
1071 1550 1131 1638 μέν

124 1662 244 1726 τούτου
276 1665 418 1746 πονηρίᾳ
447 1657 602 1743 πρέποντ’
631 1659 698 1725 ἐστὶ
725 1662 765 1725 τά
791 1659 1018 1744 πεπραγμένα,
1050 1659 1131 1744 ἐμοῦ

124 1763 162 1831 δὲ
180 1766 298 1832 πολλοὶ
316 1766 591 1849 καταγελάσονται
610 1777 745 1832 τοιαῦτα
762 1767 946 1852 πάσχοντος
963 1779 1029 1832 τῶν
1045 1774 1131 1851 φθο-

124 1885 197 1938 νεῖν
220 1872 432 1957 εἰθισμένων,
456 1872 514 1937 ἐάν
534 1898 582 1950 τις
602 1873 637 1938 έν
655 1883 693 1959 τῆ
713 1877 806 1938 πόλει
825 1881 1035 1957 προθυμῆται
1054 1898 1131 1958 χρη-

125 1981 201 2055 στὸς
219 1974 313 2044 εἰναι.
346 1980 431 2044 οὕτω
452 1975 488 2043 δέ
507 1978 624 2064 σφόδρ’
643 1980 837 2064 ἠπορούμην
856 1980 920 2045 ότι
934 1983 1131 2066 χρησαίμην,
1150 2001 1165 2046 5

125 2081 151 2149 ὦ
175 2088 279 2168 βουλή
286 2135 295 2164 ,
321 2095 360 2170 τῆ
383 2087 502 2151 τούτου
525 2091 727 2172 παρανομίᾳ,
753 2083 828 2151 ὥστ’
856 2085 950 2163 ἔδοξέ
975 2109 1031 2169 μοι
1054 2087 1131 2168 κρά-

123 2207 236 2255 τιστον
259 2187 343 2256 εἶναι
367 2191 574 2276 ἀποδημῆσαι
599 2190 634 2255 ἐκ
657 2201 714 2274 τῆς
730 2195 864 2268 πόλεως.
902 2193 1013 2276 λαβὼν
1033 2194 1074 2275 δη
1094 2195 1130 2258 τὸ

124 2296 295 2380 μειράκιον
319 2295 460 2384 (ἅπαντα
483 2298 545 2380 γάρ
570 2299 623 2362 δεῖ
643 2296 770 2381 τάληθῆ
794 2297 916 2383 λέγειν)
940 2296 1073 2384 ᾠχόμην
1096 2298 1132 2363 ἐκ

123 2411 182 2486 τῆς
203 2405 336 2478 πόλεως.
374 2402 485 2485 ἐπειδὴ
510 2400 541 2466 δ’
567 2401 661 2490 ρ’ίμην
685 2405 800 2469 ἰκανὸν
823 2399 906 2468 εἰναι
930 2406 988 2469 τὸν
1010 2409 1131 2489 χρόνον

126 2511 257 2591 Σίμωνι
286 2508 504 2573 ἐπιλαθέσθαι
531 2505 592 2592 μέν
614 2520 674 2574 τοῦ
696 2513 887 2591 νεανίσκου,
915 2516 1131 2592 μεταμελῆσαι

127 2610 163 2678 δέ
176 2625 243 2678 τῶν
257 2617 419 2699 πρότερον
432 2613 681 2699 ἡμαρτημένων,
695 2614 898 2698 ἀφικνοῦμαι
912 2614 1020 2679 πάλιν.
1041 2614 1130 2698 κάγὼ

126 2716 187 2802 μέν
210 2717 343 2807 ᾠχόμην
366 2722 413 2796 εἰς
436 2724 588 2803 Πειραιᾶ,
612 2717 709 2797 οὗτος
732 2719 763 2786 δ’
784 2724 984 2803 αἰσθόμενος
1007 2720 1131 2796 εὐθέως

125 2827 248 2907 ἥκοντα
270 2828 328 2891 τὸν
347 2827 513 2891 Θεόδοτον
531 2825 585 2891 καὶ
605 2827 816 2911 διατρίβοντα
834 2827 921 2910 παρά
940 2827 1131 2914 Λυσιμάχῳ,

126 2931 161 3007 δς
184 2929 261 3018 ᾤκει
284 2935 424 3016 πλησίον
443 2941 498 3015 τῆς
517 2934 621 3008 οἰκίας
639 2928 677 3015 ἧς
696 2928 792 3009 οὗτος
811 2931 1028 3016 ἐμεμίσθωτο,
1050 2953 1131 3015 παρ-

126 3037 261 3102 εκάλεσέ
284 3061 376 3115 τινας
397 3049 464 3104 τῶν
487 3040 607 3104 τούτου
631 3039 832 3121 ἐπιτηδείων.
878 3036 932 3102 καὶ
956 3033 1047 3102 οὗτοι
1071 3034 1131 3121 μὲν

125 3143 270 3225 ἠρίστων
296 3142 351 3208 καὶ
379 3147 509 3227 ἔπινον,
536 3146 684 3229 φύλακας
713 3141 750 3208 δέ
772 3142 972 3225 κατέστησαν
996 3141 1048 3207 ἐπὶ
1071 3153 1131 3208 τοῦ

125 3245 250 3330 τέγους,
273 3247 332 3331 ἵν’,
360 3247 450 3314 ὁπότ’
472 3248 601 3326 ἐξέλθοι
624 3253 661 3314 τὸ
685 3250 870 3334 μειράκιον,
899 3250 1131 3332 εἰσαρπάσειαν

126 3355 236 3420 αὐτόν.
283 3353 320 3418 ἐν
353 3351 388 3420 δέ
421 3356 525 3442 τούτφ
558 3365 602 3441 τῷ
634 3365 737 3441 καιρῷ
769 3354 972 3439 ἀφικνοῦμαι
1002 3353 1065 3438 ἐγὼ
1096 3355 1165 3421 ε’κο

124 3464 306 3546 Πειραιῶς,
335 3458 389 3524 καὶ
419 3459 576 3544 τρέπομαι
606 3463 735 3543 παριὼν
764 3461 807 3537 ὡς
836 3463 896 3525 τὸν
922 3464 1129 3545 Λυσίμαχον·

125 3566 238 3648 ὀλίγον
266 3561 303 3629 δὲ
330 3568 452 3649 χρόνον
477 3566 704 3649 διατρίψαντες
727 3565 935 3651 ἐξερχόμεθα.
981 3561 1073 3632 οὗτοι
1097 3564 1128 3631 δ’
