2668 4002
201 211 221 274 ς
582 217 603 267 1.
623 215 820 269 Αοιεπειοε.

98 369 316 456 ινσεἙκάβη
347 371 481 456 οίομένη
512 384 624 456 μενεῖν
655 374 757 439 αὐτὸν
783 377 820 440 τὸ
847 379 1124 459 καταλειπόμενον
1153 384 1219 458 τῆς

200 476 322 562 ἡμέρας
349 484 532 560 παρακαλεῖ
555 491 643 544 πιεῖν
672 485 864 564 σπείσαντα,
891 479 1137 565 προτρεπομένη
1163 481 1216 555 είς

200 584 384 668 θυμηδίαν·
408 584 425 650 6
452 579 482 648 δ’
504 584 820 670 ὑπερτίθεταιπρὸς
837 585 955 671 πρᾶξιν
974 586 1079 664 έξιάν.
1113 583 1213 668 καὶὴ
1316 560 1317 648 λ

201 685 261 772 μὲν
285 687 531 773 ἀπερισπάστως
554 689 682 754 ἐπαινεῖ
702 693 761 756 τὸν
784 687 893 776 οἶνον,
921 692 938 758 6
963 688 999 757 δέ
1022 692 1100 776 μετδι
1124 692 1212 756 ἀσθ-

201 818 301 878 ματος
331 794 424 877 ήκων
456 794 654 874 ἀπωθεῖται·
691 794 746 860 καὶ
774 796 794 880 ή
826 794 886 881 μὲν
916 795 1004 875 ἀξιοῖ
1030 801 1211 862 σπείσαντα

200 911 305 983 πιεῖν,
332 900 349 966 6
380 896 416 964 δέ
440 899 696 984 καθῃμαγμένος
718 898 832 987 ἀσεβὲς
854 903 989 986 ήγεῖται.
1034 898 1104 968 οἶδε
1128 898 1165 967 δέ
1190 903 1209 968 6

191 1002 337 1088 Ὅμηρος
358 1003 413 1069 καὶ
435 1008 472 1070 τὸ
497 1004 664 1090 ὠφέλιμον
687 1005 741 1070 καὶ
762 1010 799 1073 τὸ
818 1009 1004 1092 σύμμετρον
1023 1017 1082 1073 τοῦ
1101 1013 1210 1089 οἴνου,

96 1109 238 1186 φ294.έν
267 1101 317 1186 οἷς
344 1112 403 1175 τὸν
433 1111 557 1194 χανδὸν
588 1110 724 1176 ἕλκοντα
754 1113 855 1178 αὐτὸν
884 1113 1091 1196 βλάπτεσθαί
1115 1131 1209 1197 φησι.

166 1225 258 1298 ετής
287 1215 392 1299 μέθης
422 1212 458 1280 δέ
486 1215 693 1301 κατατρέχων
721 1217 738 1282 6
767 1220 901 1302 ποιητής
928 1220 986 1283 τὸν
1012 1223 1210 1303 τηλικοῦτον

202 1322 368 1386 Κύκλωπα
399 1320 463 1386 ὑπὸ
497 1331 616 1405 μικροῦ
650 1323 798 1405 σώματος
830 1323 884 1387 διά
914 1324 1036 1406 ταύτην
1065 1323 1209 1388 ἀπολλύ-

97 1441 190 1503 φνεῖ.
202 1450 302 1511 μενον
326 1430 500 1510 παρίστησι
523 1425 577 1491 καὶ
596 1429 793 1509 Εὐρυτίωνα
811 1431 869 1494 τὸν
889 1428 1089 1514 Κένταυρον.
1118 1441 1210 1494 ποιεῖ

203 1528 239 1597 δὲ
267 1529 321 1597 καὶ
348 1535 425 1610 τοὺς
445 1530 606 1616 Ἕλληνας
634 1532 670 1598 έν
697 1543 740 1619 τῷ
765 1534 900 1622 ἀπόπλῳ
924 1536 1125 1619 μεθύοντας,
1152 1537 1209 1601 διὸ

202 1636 255 1702 καλ
286 1638 532 1716 στασιάζοντας·
565 1639 647 1703 ὅθεν
678 1638 731 1704 καλ
763 1639 971 1706 ἀπόλλυνται.
1018 1642 1142 1725 ίστορεῖ
1169 1637 1208 1705 δὲ
1316 1679 1317 1684 1

201 1741 256 1809 καλ
286 1744 344 1808 τὸν
375 1744 566 1808 δεινότατον
596 1755 662 1808 τῶν
696 1747 817 1829 Τρώων
848 1744 884 1810 έν
914 1755 958 1832 τῳ
986 1747 1208 1829 βουλεύεσθαι
1316 1735 1317 1738 “

203 1852 341 1914 Αἰνείαν
365 1848 419 1912 διά
442 1849 502 1931 τήν
526 1847 562 1912 έν
585 1858 623 1934 τῇ
647 1849 734 1935 μέθη
757 1854 942 1934 παρρησίαν
966 1849 1020 1915 καλ
1042 1852 1099 1928 τάς
1116 1849 1206 1915 ἀπει-

118 1955 276 2038 Τειλάς,
308 1953 345 2030 ἀς
373 1951 503 2037 Τρωσὶν
532 1953 691 2038 ὑπέσχετο
720 1956 957 2038 οἰνοποτάζων,
983 1954 1206 2039 ὑπομείναντα

202 2063 262 2145 τήν
278 2058 447 2145 Ἀχιλλέως
470 2058 577 2144 ὁρμήν
601 2058 655 2124 καὶ
673 2070 793 2143 μικροῦ
811 2062 1116 2144 παραπολλύμενον.
1151 2060 1206 2127 καλ

199 2163 409 2250 Ἀγαμέμνων
432 2160 469 2229 δέ
493 2163 579 2248 λέγει
602 2187 667 2231 που
689 2163 764 2247 περὶ
787 2165 902 2232 αὑτοῦ·

203 2293 288 2342 1119.
312 2267 396 2336 ‘om'
419 2269 487 2335 έπεὶ
510 2270 660 2355 ἀασάμην
684 2269 781 2356 φρεσὶ
805 2270 997 2358 λευγαλέῃσι
1019 2277 1163 2357 πιθήσας

290 2377 310 2460 ή
334 2384 413 2466 οίνῳ
437 2379 590 2461 μεθύων,
612 2379 633 2460 ή
657 2375 691 2462 μ’
713 2381 860 2461 ἔβλαψαν
881 2376 957 2444 θεολ
980 2379 1101 2464 αύτοί’,

202 2486 248 2560 είς
274 2485 334 2567 τήν
363 2483 467 2567 αὐτήν
489 2481 595 2578 τιθεὶς
617 2483 799 2566 πλάστιγγα
822 2485 882 2567 τήν
905 2483 1013 2568 μέθην
1036 2494 1074 2568 τῇ
1097 2489 1205 2572 μανίᾳ.

157 2601 184 2654 ΙΙ
274 2594 417 2674 Τροῳαῖς
432 2589 575 2673 ἐχρῶντο
590 2587 699 2672 τρισὶν
715 2591 749 2654 οί
759 2589 864 2673 ήρωες
877 2586 951 2674 παρ’
961 2587 1103 2678 Ὁμήρῳ,
1120 2602 1206 2672 πρῶ-

202 2719 261 2761 τον
275 2691 336 2780 μὲν
349 2706 394 2782 τῳ
409 2693 602 2783 καλουμένῳ
618 2694 843 2778 ἀκρατίσματι,
861 2694 879 2760 ὃ
895 2693 981 2778 λέγει
995 2697 1143 2778 ἄριστον·
1166 2692 1206 2762 οὗ

136 2815 191 2862 πε.
203 2801 285 2879 ἅπαξ
301 2799 461 2886 μέμνηται
476 2799 512 2865 έν
522 2798 707 2887 Ὀδυσσείᾳ·
729 2798 894 2877 ’Ὀδυσεὺς
908 2799 960 2866 καὶ
976 2802 1047 2877 δῖος
1060 2802 1206 2886 ὑφορβὸς

203 2903 370 2973 ἐντύνοντ’
392 2908 527 2988 ἀριστον
550 2905 709 2991 κειαμένω
733 2904 824 2991 τεῖρ’,
847 2903 900 2970 καὶ
924 2906 1007 2984 άπαξ
1029 2907 1065 2972 έν
1080 2902 1204 2973 Ἰλιάδι·

203 3011 517 3096 Ω124,”έσσυμέυως
540 3011 695 3077 ἐπένοντο
718 3010 773 3076 καὶ
796 3009 965 3077 ἐντύνοντ’
985 3011 1141 3097 ἀριστον.’
1314 3085 1318 3098 Ι

203 3117 290 3202 λέγει
322 3114 358 3182 δὲ
388 3121 425 3184 τὸ
454 3121 602 3202 πρωινὸν
633 3120 805 3202 ἔμβρωμα,
838 3117 856 3182 ὃ
886 3117 979 3202 ἡμεῖς
1008 3117 1205 3203 ἀκρατισμὸν

202 3230 366 3309 καλοῦμεν
397 3225 452 3289 διά
481 3227 518 3288 τὸ
549 3223 585 3288 έν
616 3223 744 3312 ἀκράτῳ
773 3221 902 3308 βρέχειν
930 3221 984 3289 καὶ
1011 3228 1205 3309 προσίεσθαι

203 3331 347 3415 ψωμούς.
394 3332 554 3414 Φιλήμων
577 3327 617 3393 δέ
637 3347 757 3413 φησιν,
781 3330 830 3394 ὅτι
854 3341 991 3413 τροφαῖς
1014 3327 1046 3393 δ’
1065 3329 1205 3413 ἐχρῶντο

204 3438 239 3502 oc
258 3440 403 3520 παλαιοί,
428 3434 653 3520 ἀκρατίσματι,
677 3435 810 3524 ἀρίστῳ,
834 3432 1054 3518 ἑσπερίσματι,
1077 3434 1203 3522 δείπνῳ.

203 3545 261 3614 τὸν
291 3538 352 3630 μέν
382 3537 444 3612 οὖν
471 3540 671 3628 ἀκρατισμὸν
695 3542 931 3634 διανηστισμὸν
954 3544 1085 3632 ἔλεγον,
1114 3544 1149 3610 τὸ
1173 3539 1201 3614 δ’
