2668 4008
180 221 224 286 20
566 226 598 277 V.
619 222 801 281 ΞΕΝΟΦΩΝ.

176 381 284 449 οὐδέν’
308 383 349 448 δν
373 380 471 468 οἶμαι.
508 385 555 460 είς
577 385 639 467 γάρ
663 383 723 465 τὴν
739 377 949 466 Ἀκαμαντίδ’
969 383 1090 466 ὁμοίως
1110 380 1187 464 ἐξῆν

177 507 229 554 σοι
256 493 390 573 φοιτᾶν,
417 488 472 554 καὶ
501 486 642 574 ἐφαίνετ’
671 487 713 553 άν
743 483 815 553 οὖσ’
843 487 1028 564 ἀκόλουθος
1052 487 1073 570 ἡ
1096 487 1187 571 φυλὴ
1303 504 1307 551 ε

177 603 215 679 τῇ
238 594 331 659 θέσει
353 596 566 680 τούνόματος.

209 787 247 852 V.
276 787 424 854 Socrates
448 793 572 872 narrat,
595 789 758 872 quomodo
782 811 855 853 cum
878 787 1091 852 Ischomaeho
1115 787 1155 850 de

265 885 372 949 bonae·
391 885 504 949 matris
528 885 669 948 familiae
694 884 810 949 officiis
834 885 1014 949 collocutus
1038 886 1089 948 sit.

332 996 468 1066 (Xenoph.
484 995 584 1050 Oecon.
601 1003 625 1065 7,
642 1002 735 1050 1-31,
764 995 799 1058 cf.
813 996 881 1050 fasc.
896 996 921 1048 II
939 1014 966 1064 p.
982 998 1034 1064 41.)

146 1140 159 1186 1
241 1121 335 1188 Ἰδών
358 1145 435 1187 ποτε
452 1121 647 1208 Ἰσχόμαχον
671 1123 707 1186 έν
730 1131 768 1207 τῇ
792 1133 851 1188 τοῦ
871 1125 954 1198 Διὸς
976 1131 1035 1186 τοῦ
1055 1121 1188 1187 ἐλευθε-

180 1234 253 1315 ρίου
277 1240 357 1314 στοᾷ
380 1230 581 1311 καθήμενον,
605 1227 680 1293 ἐπεί
696 1253 752 1312 μοι
772 1228 861 1305 ἔδοξε
882 1229 1063 1312 σχολάζειν,
1085 1247 1188 1313 προσ-

178 1339 286 1417 ῆλθον
310 1333 396 1418 αὐτῷ
420 1331 474 1396 καὶ
492 1335 797 1415 παρακαθιζόμενος
816 1329 923 1398 εἶπον·
954 1331 1020 1415 ‘Tay
1044 1329 1188 1419 ὦἸσχό-

180 1463 272 1524 μαχε,
294 1440 334 1503 οὐ
358 1439 444 1521 μάλα
468 1441 596 1514 εἰωθὼς
621 1439 791 1522 σχολάζειν
815 1439 973 1521 κάθησαι;
998 1438 1066 1503 ἐπεὶ
1089 1439 1129 1504 τά
1149 1465 1188 1523 γε

179 1550 313 1610 πλεῖστα
336 1544 355 1628 ἢ
378 1544 562 1628 πράττοντά
585 1567 615 1608 τι
635 1544 702 1624 δρῶ
723 1560 759 1608 σε
778 1543 798 1627 ἦ
819 1545 859 1610 οὐ
878 1545 966 1608 πάνυ
987 1546 1188 1629 σχολάζοντα

145 1668 160 1714 2
182 1649 217 1715 ἐν
235 1659 272 1734 τῇ
293 1649 415 1736 άγορᾷ.’
448 1647 550 1714 Ὃύδὲ
573 1649 617 1715 άν
639 1659 704 1714 νῦν
727 1649 788 1732 γε’,
812 1653 873 1734 ἔφη
893 1650 910 1715 ὁ
927 1648 1124 1736 Ἰσχόμαχος,
1150 1649 1187 1716 ’ὦ

182 1758 365 1840 Σώκρατες,
388 1754 501 1839 ἑώρας,
524 1759 555 1820 εί
577 1758 620 1839 μὴ
644 1754 759 1833 ξένους
782 1757 874 1832 τινάς
898 1755 1085 1840 συνεθέμην
1109 1757 1188 1824 άνα-

181 1862 292 1948 μένειν
322 1862 464 1928 ἐνθάδε.’
512 1861 623 1927 Ὅταν
655 1858 691 1926 δὲ
721 1864 764 1946 μὴ
793 1863 936 1948 πράττῃς
963 1887 995 1926 τι
1024 1875 1189 1948 τοιοῦτον,

181 1973 263 2055 πρὸς
292 1981 358 2034 τῶν
387 1969 507 2046 θεῶν’,
538 1972 621 2052 ἔφην
650 1967 729 2050 ἐγώ,
760 1968 840 2033 “ποῦ
871 1970 1049 2052 διατρίβεις
1075 1969 1129 2034 καὶ
1155 1977 1193 2036 τί

179 2088 297 2153 ποιεῖςς
321 2074 385 2158 ἐγὼ
409 2077 471 2158 γάρ
497 2099 547 2140 τοι
571 2075 658 2139 πάνυ
682 2075 848 2157 βούλομαί
869 2091 930 2139 σου
953 2074 1134 2159 πυθέσθαι,
1156 2083 1194 2144 τί

180 2203 258 2248 ποτε
278 2183 430 2267 πράττων
448 2184 547 2256 καλὸς
564 2181 712 2263 κάγαθὸς
730 2179 897 2264 κέκλησαι,
920 2179 989 2245 ἐπεὶ
1009 2182 1070 2246 οὐκ
1088 2183 1190 2247 ἔνδον

180 2311 216 2371 γε
247 2290 424 2371 διατρίβεις
454 2284 532 2350 οὐδὲ
560 2287 694 2370 τοιαύτη
724 2303 785 2351 σου
814 2285 833 2368 ἡ
863 2286 927 2364 ἕξις
953 2297 1012 2352 τοῦ
1041 2288 1191 2370 σώματος

148 2393 435 2477 3καταφαίνεται.’
482 2391 536 2456 καὶ
563 2393 581 2458 δ
606 2390 795 2478 Ἰσχόμαχος
824 2394 963 2475 γελάσας
990 2390 1042 2457 ἐπὶ
1068 2403 1113 2481 τῷ
1141 2394 1194 2460 ’τί

181 2511 286 2564 ποιῶν
319 2501 417 2574 καλὸς
449 2497 596 2581 κάγαθὸς
627 2497 809 2583 κέκλησαι’,
840 2497 894 2563 καὶ
920 2499 1050 2582 ἡσθείς,
1082 2501 1125 2576 ὥς
1154 2498 1185 2583 γ’

183 2603 254 2688 ἐμοὶ
274 2604 398 2689 ἔδοξεν,
417 2599 521 2669 εἶπεν·
545 2601 646 2669 υμέλλ’
665 2607 696 2668 εί
713 2603 785 2689 μέν,
804 2604 883 2669 ὅταν
902 2623 954 2670 σοι
973 2605 1191 2688 διαλέγωνται

181 2710 255 2795 περὶ
279 2710 360 2794 ἐμοῦ
381 2734 477 2792 τινες,
500 2714 643 2774 καλοῦσί
658 2734 696 2793 με
716 2721 812 2776 τοῦτο
831 2713 868 2776 τὸ
888 2712 1003 2794 ὄνομα,
1022 2711 1082 2776 οὐκ
1100 2707 1190 2776 οῖδα·

182 2818 222 2882 οὐ
250 2818 313 2900 γάρ
341 2818 381 2900 δὴ
411 2817 489 2882 ὅταν
517 2814 557 2898 γέ
582 2839 621 2899 με
651 2818 698 2892 είς
720 2815 892 2881 άντίδοσιν
914 2821 1077 2881 καλῶνται
1100 2841 1191 2901 τριη-

181 2926 317 3007 ραρχίας
339 2922 359 3005 ἢ
383 2925 549 3007 χορηγίας,
572 2922 706 3005 οὐδείς’,
729 2925 803 3006 ἔφη,
828 2921 929 3004 (ζητεῖ
949 2924 1006 2987 τὸν
1029 2925 1132 2986 καλόν
1155 2947 1190 2988 τε

181 3028 347 3112 κάγαθόν,
378 3028 460 3094 άλλά
490 3028 633 3111 σαφῶς’,
663 3031 741 3112 ἔφη,
772 3026 998 3111 “όνομάζοντές
1025 3051 1064 3112 με
1089 3025 1191 3113 Ἰσχό-

147 3153 163 3200 4
182 3158 286 3220 μαχον
308 3137 474 3218 πατρόθεν
496 3139 768 3216 προσκαλοῦνται.
794 3133 857 3216 ἐγὼ
877 3130 937 3218 μὲν
957 3133 1096 3218 τοίνυν’,
1116 3138 1192 3218 ἐφη,

183 3237 219 3304 Ἧι
244 3243 433 3323 Σώκρατες,
457 3239 474 3302 ό
499 3263 538 3323 με
562 3239 685 3322 ἐπήρου
693 3289 702 3322 ,
725 3238 878 3323 οὐδαμῶς
900 3241 1000 3304 ἔνδον
1024 3240 1191 3322 διατρίβοι.

182 3347 235 3412 καὶ
264 3347 326 3430 γάρ
356 3346 425 3429 δή’,
453 3349 531 3429 ἔφη,
559 3344 614 3409 ετά
641 3367 678 3427 γε
707 3345 743 3409 ἐν
766 3354 803 3428 τῇ
828 3347 914 3431 οἰκίᾳ
938 3370 1002 3428 μου
1025 3346 1112 3410 πάνυ
1135 3345 1192 3412 καὶ

183 3453 263 3535 αὐτη
286 3450 307 3533 ἡ
331 3455 415 3532 γυνη
440 3449 528 3514 ἐστιν
553 3451 647 3534 ίκανη
673 3448 832 3514 διοικεῖν]
868 3447 979 3514 ’Ἀλλά
997 3449 1051 3514 καὶ
1069 3452 1193 3536 τοῦτο’,

184 3562 278 3643 ἔφην,
301 3555 426 3637 ςἔγωγε,
451 3551 670 3638 ὦἸσχόμαχε,
693 3555 781 3619 πάνυ
804 3554 846 3619 άν
869 3554 973 3637 ἡδέως
991 3573 1052 3621 σου
1070 3562 1190 3623 πυθοί·
