2668 4002
207 198 249 262 38
586 194 631 254 ’Χ.
650 205 782 256 ΙΣΔΙΟΣ.

207 368 399 443 αυορθῶσαι
423 360 477 426 καί
500 366 679 446 βεβαιῶσαι
704 367 819 446 σφίσιν
843 362 954 438 αὐτοῖς
976 364 1037 445 τήν
1061 361 1212 440 δωρειάν.

206 465 299 550 ὑμεῖς
323 464 359 532 δέ
383 475 559 532 σκοπεῖσθε
583 469 640 544 τὰς
661 469 823 552 διαθήκας
840 469 898 544 τάς
916 465 983 551 μετ’
1002 468 1102 552 ὀργής
1119 489 1210 549 γενο-

206 571 307 655 μένας
328 576 469 655 πότερον
492 575 579 650 εἰκός
602 573 670 638 ἐστι
693 577 902 657 βουληθῆναι
917 575 1121 658 Κλεώνυμον
1140 572 1213 637 ἀνε-

208 683 290 762 λεῖν,
313 678 425 762 ἐπειδὴ
444 681 526 758 πρὸς
543 679 627 762 ἡμᾶς
646 681 774 756 οἰκείως
793 682 899 764 ἔσχεν,
921 677 942 762 ή
961 691 1107 761 σκοπεῖν,
1126 679 1214 755 ὅπως

157 799 188 846 12
209 787 257 849 έτι
288 787 499 869 βεβαιότερον
528 786 611 869 ἡμᾶς
642 785 856 869 ἀποστερήσει
886 797 951 850 τῶν
982 787 1093 852 αὑτοῦ.
1145 798 1214 862 τοῖς

207 887 267 973 μέν
290 891 352 974 γὰρ
377 891 489 968 ἄλλοις
511 891 683 976 κάκείνων,
707 887 754 957 ὧν
777 891 819 957 ἀν
842 889 1053 974 ὀργισθέντες
1070 895 1147 968 τοὺς
1165 894 1213 958 οἰ-

206 998 315 1071 κείους
333 995 546 1081 ἀδικήσωσιν,
564 999 705 1079 ὕστερον
725 998 909 1082 μεταμέλει·
929 993 1021 1063 οὗτοι
1040 994 1070 1062 δ’
1085 997 1214 1062 ἐκεῖνον

207 1101 466 1187 ἀποφαίνουσιν,
499 1103 536 1168 ε’ν
566 1097 591 1191 ᾧ
624 1107 705 1189 πρὸς
736 1103 820 1187 ἡμᾶς
852 1105 1034 1168 οἰκειότατα
1063 1102 1214 1185 διέκειτο,

206 1212 333 1291 μᾶλλον
356 1211 514 1293 βεβαιοῦν
536 1212 596 1294 τήν
621 1211 787 1294 διαθήκην
810 1213 1031 1294 βουλόμενον,
1057 1208 1099 1292 ἣν
1123 1209 1213 1292 ὀργι-
1318 1225 1319 1302 ἦ

209 1317 341 1396 ζόμενος
368 1313 552 1399 ἐποιήσατο.
600 1313 673 1379 ὥστ’
703 1317 733 1380 εἰ
759 1313 813 1379 καὶ
836 1315 928 1399 ἡμεῖς
951 1315 1213 1398 ὁμολογήσαιμεν
1318 1348 1319 1404 3

207 1429 308 1484 ταῦτα
344 1418 398 1484 καλ
431 1421 523 1503 ὑμεῖς
554 1419 648 1486 αύτοί
677 1423 901 1504 πιστεύσαιτε,
934 1417 1129 1504 ἐνθυμεῖσθ’
1162 1420 1214 1485 ὅτι

157 1540 189 1588 13
208 1526 392 1609 παράνοιαν
415 1527 517 1591 αὐτοῦ
539 1528 600 1609 τήν
618 1530 774 1609 μεγίστην
794 1522 885 1592 οὗτοι
904 1537 1134 1609 κατηγοροῦσι.
1164 1530 1214 1602 τίς

208 1632 269 1713 γὰρ
294 1630 336 1696 ἀν
359 1629 487 1714 γένοιτο
510 1633 629 1715 ταύτης
651 1636 751 1716 μανία
774 1635 908 1716 μείζων,
936 1632 956 1715 ή
979 1635 1051 1697 τότε
1075 1628 1136 1716 μέν
1159 1631 1212 1697 ὅτε

208 1740 327 1823 Δεινίᾳ
351 1737 509 1821 διάφορος
532 1737 727 1821 ἰονέτυχεν,
751 1738 834 1821 ἡμᾶς
856 1749 962 1814 κακῶς
979 1749 1086 1804 ποιεῖν
1104 1760 1138 1803 τε
1157 1735 1213 1802 καί

209 1844 420 1908 διατίθεσθαι
451 1844 603 1919 τοιαύτας
635 1844 814 1925 διαθήκας,
846 1843 879 1921 ἐξ
912 1839 958 1908 ὧν
991 1844 1052 1910 οὐκ
1084 1843 1212 1909 ἐκεῖνον

208 1948 411 2034 ἐτιμωρεῖτο,
443 1948 526 2013 ἀλλὰ
557 1952 635 2025 τοὺς
666 1951 886 2026 οἰκειοτάτους
916 1950 1038 2033 ήδίκει·
1070 1947 1147 2015 νυνὶ
1174 1945 1211 2014 δὲ

208 2056 375 2141 χρώμενος
396 2055 476 2139 ήμῖν
494 2053 547 2119 καί
566 2053 640 2139 περὶ
658 2060 813 2121 πλείστου
831 2057 1029 2140 ποιούμενος
1047 2053 1211 2139 ἁπάντων,

208 2164 331 2245 μόνους
361 2159 528 2245 ἐβουλήθη
558 2163 636 2237 τοὺς
663 2160 878 2246 ἀδελφιδοῦς,
908 2163 951 2238 ὡς
979 2157 1073 2227 οὗτοί
1098 2177 1212 2245 φασιν,

208 2266 370 2351 ἀκλήρους
391 2276 526 2350 ποιήσαι
548 2278 615 2332 τῶν
639 2264 767 2331 ἑαυτοῦ.
803 2267 857 2332 καλ
880 2273 929 2344 τίς
948 2266 990 2332 ἀν
1008 2262 1046 2332 εὖ
1064 2278 1212 2352 φρονῶν,

158 2389 189 2436 14
209 2369 234 2437 ὦ
258 2374 388 2456 ἄνδρες,
409 2384 544 2438 τοιαῦτα
566 2372 641 2456 περὶ
664 2385 730 2438 τῶν
753 2373 855 2439 αὑτοῦ
878 2374 1108 2457 βουλεύσαιτο;
1132 2369 1208 2438 ὥστ’

208 2477 243 2544 έκ
266 2481 392 2544 τούτων
414 2491 480 2544 τῶν
504 2482 613 2562 λόγων
636 2479 755 2565 ῥᾳδίαν
778 2480 858 2562 ὑμῖν
878 2481 939 2563 τήν
958 2477 1139 2561 διάγνωσιν
1156 2488 1212 2542 ’πε-

206 2587 361 2669 ποιήκασι
383 2583 458 2670 περὶ
481 2584 599 2650 αὑτῶν.
641 2587 672 2648 εἰ
693 2581 754 2669 μὲν
777 2585 839 2668 γάρ
863 2584 993 2649 ἀνελεῖν
1014 2585 1071 2660 τάς
1094 2585 1212 2668 διαθή-

206 2715 265 2767 κας
291 2694 494 2774 βουλόμενος
517 2687 734 2772 μετεπέμπετο
757 2690 818 2772 τήν
840 2688 960 2773 ἀρχήν,
988 2689 1096 2771 ὥσπερ
1120 2688 1212 2774 ἡμεῖς

207 2819 327 2880 φαμεν,
350 2795 460 2871 οὐδεὶς
483 2798 589 2859 ἔνεστι
611 2795 740 2870 τούτοις
762 2798 871 2876 λόγος·
896 2797 926 2859 εἰ
949 2790 979 2860 δ’
1002 2795 1088 2860 οὕτω
1109 2818 1211 2880 παρα-

206 2914 342 2987 φρονῶν
366 2905 494 2986 έτυχεν,
523 2898 608 2966 ὥσθ’
634 2901 718 2984 ημᾶς
740 2899 815 2985 περὶ
838 2900 1009 2987 ἐλαχίστου
1032 2907 1212 2982 ποιεῖσθαι,

207 3011 284 3084 τοὺς
310 3006 398 3090 γένει
424 3008 651 3090 πρωτεύοντας
680 3005 733 3071 καί
756 3007 945 3092 χρωμένους
968 3007 1055 3094 αύτῷ
1079 3008 1211 3072 πάντων
1318 3055 1319 3066 ,

207 3116 403 3194 οἰκειότατα,
431 3115 564 3189 δικαίως
591 3112 633 3177 ἀν
662 3115 768 3196 δήπου
795 3115 852 3190 τάς
878 3114 1029 3190 τοιαύτας
1052 3114 1212 3196 διαθήκας

208 3220 350 3300 ἀκύρους
372 3222 549 3302 ποιήσαιτε.

158 3342 188 3390 15
266 3323 336 3391 Ἔτι
364 3330 478 3390 τοίνυν
502 3323 714 3409 ἐνθυμεῖσθ’,
741 3326 791 3390 ὅτι
813 3326 995 3410 φάσκοντες
1017 3330 1129 3396 καλεῖν
1151 3326 1212 3408 τήν

208 3431 313 3516 ἀρχὴν
337 3433 555 3515 Κλεώνυμον,
578 3433 634 3497 ἵνα
657 3433 821 3517 βεβαιώσῃ
844 3433 903 3514 τήν
927 3431 1036 3495 αὑτῶν
1060 3431 1212 3515 δωρειάν,

208 3534 417 3623 προσταχθέν
449 3537 561 3613 αὐτοῖς
592 3538 653 3602 οὐκ
685 3537 866 3620 ἐτόλμησαν
898 3539 1100 3620 εἰσαγαγεῖν,
1129 3534 1211 3602 ἀλλά
