2668 4002
464 235 539 287 xm.
558 233 819 288 ΔΗΜΟΣΘΕΝΗΣ.
1102 231 1145 295 55

139 391 343 476 φυτευμένα,
366 394 505 475 ἄμπελοι
528 390 582 458 καλ
605 405 711 458 συκαῖ.
745 398 851 458 καίτοι
869 397 918 470 τίς
936 392 978 458 ἂν
997 391 1033 457 ἐν
1051 392 1150 477 χαρά-

139 500 206 584 δρᾳ
225 508 326 564 ταῦτα
345 501 500 582 φυτεύειν
519 498 703 577 άξιώσειεν;
722 499 833 575 οὐδείς
850 522 896 581 γε.
928 502 976 575 τίς
995 495 1031 563 δέ
1050 498 1150 563 πάλιν

141 606 222 680 τοὺς
240 605 343 670 αὑτοῦ
360 608 547 689 προγόνους
559 606 714 684 θάπτεινς
734 601 813 670 οὐδὲ
826 599 913 670 τοῦτ’
927 601 1025 688 οἶμαι.
1048 613 1149 669 ταῦτα
1167 621 1183 669 9

140 714 258 774 τοίνυν
281 709 453 794 ἀμφότερ’,
477 706 502 774 ὦ
525 712 644 794 άνδρες
667 713 828 793 δικασταί,
851 709 1070 794 συμβέβηκεν·
1093 708 1149 774 καὶ

140 816 205 898 γάρ
237 817 276 880 τά
307 816 431 902 δένδρα
462 819 660 902 πεφύτευται
691 820 852 902 πρότερον
885 816 906 900 ῆ
937 817 996 881 τὸν
1026 815 1149 901 πατέρα

21 992 25 1005 Ι
140 924 434 1007 περιοικοδομῆσαι
458 924 518 1006 τῆν
538 924 706 1007 αἱμασιάν,
728 921 782 988 καλ
800 925 839 988 τὰ
857 925 1009 1007 μνῆματα
1026 923 1148 986 παλαιά

19 1072 24 1081 -
139 1025 197 1094 καὶ
218 1026 297 1112 πρὶν
319 1028 404 1113 ἡμᾶς
424 1030 608 1112 κτήσασθαι
631 1031 668 1094 τὸ
692 1033 813 1113 χωρίον
836 1026 1026 1112 γεγενημέν’
1050 1026 1147 1093 ἐστίν.

140 1136 248 1197 καίτοι
275 1136 402 1200 τούτων
429 1134 646 1220 ὑπαρχόντων
673 1139 720 1210 τίς
747 1133 789 1199 ἂν
817 1137 864 1198 ἔτι
892 1137 989 1217 λόγος
1016 1137 1148 1219 ἰσχυρό-

139 1261 247 1322 τερος,
269 1235 295 1304 ὦ
318 1241 437 1325 άνδρες
456 1235 638 1323 Ἀθηναῖοι,
661 1239 806 1322 γένοιτο;
836 1241 875 1304 τὰ
897 1241 960 1324 γάρ
984 1242 1062 1327 ἔργα
1086 1265 1147 1326 φα-

138 1355 245 1429 νερῶς
266 1343 433 1430 ἐξελέγχει.
466 1354 650 1420 (Testimonia
667 1355 816 1425 legunt-ur.)

202 1448 312 1528 ’Ἀξιον
336 1448 381 1533 δ’,
408 1446 433 1515 ὦ
456 1452 575 1534 ἄνδρες
593 1452 754 1535 δικασταί,
777 1450 922 1535 καὶπερὶ
941 1463 1007 1517 τῶν
1026 1453 1147 1537 άλλωυ,
1167 1470 1198 1517 10

140 1551 190 1620 ὧν
212 1562 320 1640 εἴρηκε
343 1560 540 1640 Καλλικλῆς,
563 1555 711 1623 άκοῦσαι.
748 1555 803 1622 καὶ
828 1557 993 1635 σκέψασθε
1016 1567 1147 1638 πρῶτον

140 1662 214 1748 μέν,
237 1668 271 1727 εί
288 1686 337 1739 τις
358 1663 452 1746 ὑμῶν
477 1661 620 1747 ἑώρακεν
642 1662 800 1747 ῆάκῆκοε
819 1665 949 1729 πώποτε
967 1661 1042 1747 παρ’
1065 1664 1146 1729 ὁδὸν

140 1769 310 1854 χαράδραν
338 1763 451 1833 οὖσαν.
497 1764 588 1852 οἶμαι
615 1770 677 1852 γάρ
704 1769 741 1834 ἐν
763 1769 850 1854 πάσῃ
874 1779 913 1854 τῆ
936 1772 1026 1857 χώρᾳ
1049 1772 1146 1853 μηδε-

141 1879 221 1960 μίαν
244 1869 343 1938 εἶναι·
366 1884 425 1939 τοῦ
448 1875 510 1957 γάρ
534 1871 614 1940 ἕνεκ’
640 1877 693 1957 όίν,
716 1875 734 1940 ὃ
758 1876 814 1940 διὰ
836 1884 893 1958 τῆς
915 1876 997 1941 ὁδοῦ
1015 1886 1071 1959 τῆς
1089 1877 1145 1958 δη-

140 1984 258 2065 μοσίας
284 1983 396 2063 ἐμελλε
425 1982 614 2064 βαδιεῖσθαι
641 1984 841 2065 φερόμενον,
869 1983 974 2069 τούτῳ
1002 1983 1057 2046 διὰ
1080 1993 1145 2046 τῶν

141 2088 238 2151 ἰδίων
268 2090 398 2169 χωρίων
427 2087 597 2171 χαράδραν
627 2086 762 2168 ἐποίησέ
788 2111 850 2165 τις;
889 2091 997 2152 ἔπειτα
1026 2091 1075 2163 τίς
1104 2086 1146 2152 ἂν

140 2192 236 2275 ὑμῶν
263 2189 320 2256 εἴτ’
348 2192 385 2257 έν
412 2191 502 2278 ἀγρῷ
530 2194 572 2276 νῆ
596 2190 654 2256 Δί’
682 2190 737 2257 εἴτ’
766 2191 803 2258 ἐν
830 2194 920 2258 άστει
947 2195 984 2258 τὸ
1013 2194 1068 2257 διὰ
1091 2203 1147 2276 τῆς

11 2341 12 2364 ι
141 2298 225 2363 ὁδοῦ
252 2297 330 2381 δέον
357 2297 448 2382 ὕδωρ
477 2299 523 2374 είς
549 2300 586 2363 τὸ
614 2301 736 2382 χωρίον
764 2298 783 2381 ῆ
811 2300 872 2382 τῆν
895 2300 1002 2363 οἰκίαν
1025 2297 1143 2376 δεξαιτ’

140 2405 195 2481 άν;
231 2399 301 2468 ἀλλ’
334 2403 394 2468 οὐκ
427 2402 506 2469 αὐτὸ
539 2404 753 2486 τούναντίον,
785 2404 846 2469 κάν
879 2405 1034 2488 βιάσηταί
1059 2403 1146 2489 ποτ’,

141 2509 364 2594 ἀποφράττειν
384 2509 523 2584 ἅπαντες
540 2507 595 2572 καλ
614 2511 869 2592 παροικοδομεῖν
886 2511 1066 2594 εἰώθαμενς
1091 2507 1146 2576 οὗ·
1167 2527 1197 2574 11

140 2639 196 2692 τος
218 2618 332 2681 τοίνυν
356 2613 445 2692 ἀξιοῖ
464 2612 496 2698 μ’
521 2614 555 2679 ἐκ
573 2623 630 2697 τῆς
648 2615 730 2680 ὁδοῦ
748 2617 785 2680 τὸ
804 2615 895 2701 ὕδωρ
915 2614 1146 2700 είσδεξάμενον

141 2723 188 2798 είς
219 2722 255 2786 τὸ
289 2720 432 2804 ἐμαυτοῦ
462 2724 600 2805 χωρίον,
632 2721 711 2786 ὅταν
739 2723 776 2786 τό
807 2723 927 2786 τούτου
956 2722 1145 2808 παραλλάξῃ

140 2831 274 2912 χωρίον,
297 2827 398 2890 πάλιν
421 2828 467 2902 είς
489 2827 549 2909 τῆν
573 2825 653 2892 ὁδὸν
677 2825 856 2909 ἐξαγαγεῖν.
900 2827 1024 2892 οὐκοῦν
1046 2829 1146 2893 πάλιν

141 2934 159 2999 δ
182 2933 262 3016 μετά
284 2935 403 2997 τοῦτόν
426 2956 482 3016 μοι
505 2943 661 3016 γεωργῶν
679 2944 746 2996 τῶν
765 2936 922 3015 γειτόνων
943 2933 1085 3016 ἐγκαλεῖ·
1108 2937 1145 3000 τὸ

141 3040 204 3123 γάρ
227 3034 310 3123 ὑπὲρ
333 3038 453 3102 τούτοιν
477 3039 605 3103 δίκαιον
629 3039 732 3121 δῆλον
756 3038 806 3103 ὅτι
828 3037 991 3116 κάκείνοις
1009 3039 1146 3122 ὑπάρξει

140 3153 219 3209 πᾶσι
247 3142 364 3226 λέγειν.
410 3143 494 3208 ὅπου
522 3140 559 3207 δὲ
586 3141 659 3228 μήτ’
686 3146 733 3220 είς
755 3146 815 3232 τῆν
838 3145 919 3211 όδδν
941 3145 1014 3230 μῆν’
1038 3148 1084 3222 είς
1106 3147 1146 3210 τὰ

141 3248 234 3336 χωρί’
258 3249 391 3334 ἀφιέναι
414 3272 470 3333 μοι
492 3251 529 3313 τὸ
552 3249 643 3333 ὕδωρ
668 3248 792 3328 ἐξέσται
816 3251 997 3338 δεξαμένῳ,
1024 3257 1058 3316 τί
1078 3257 1146 3317 λοι-

140 3359 220 3440 πόν,
249 3351 416 3439 ὧάνδρες
439 3356 602 3437 δικασταί,
631 3357 713 3440 πρὸς
735 3361 840 3433 δεῶνς
873 3356 997 3440 οὐγὰρ
1022 3355 1145 3422 ἐκπιεῖν

141 3485 178 3546 γε
206 3463 315 3544 δήπου
342 3483 380 3545 με
405 3464 590 3544 Καλλικλῆς
613 3461 692 3526 αὐτὸ
715 3462 986 3547 προσαναγκάσει.
1032 3466 1063 3528 εί
1084 3459 1145 3546 μὲν
1166 3480 1197 3528 12

141 3569 205 3660 γὰρ
229 3563 286 3658 ῆν,
314 3563 339 3639 ὦ
364 3567 483 3657 ἄνδρες
506 3568 670 3652 δικασταί,
695 3569 842 3659 χαράδρα
865 3569 964 3640 πάλιν
986 3570 1145 3660 ὑποδεχο-
