<?xml version="1.0" encoding="UTF-8"?>
<!DOCTYPE html PUBLIC "-//W3C//DTD XHTML 1.0 Transitional//EN"
    "http://www.w3.org/TR/xhtml1/DTD/xhtml1-transitional.dtd">
<html xmlns="http://www.w3.org/1999/xhtml" xml:lang="en" lang="en">
 <head>
  <title>
</title>
<meta http-equiv="Content-Type" content="text/html;charset=utf-8" />
  <meta name='ocr-system' content='tesseract 3.04.00' />
  <meta name='ocr-capabilities' content='ocr_page ocr_carea ocr_par ocr_line ocrx_word'/>
</head>
<body>
  <div class='ocr_page' id='page_1' title='image "./florilegiumgrae02petegoog_0054.png"; bbox 0 0 2668 4002; ppageno 0'>
   <div class='ocr_carea' id='block_1_1' title="bbox 461 205 1150 268">
    <p class='ocr_par' dir='ltr' id='par_1_1' title="bbox 461 205 1150 268">
     <span class='ocr_line' id='line_1_1' title="bbox 461 205 1150 268; baseline 0.01 -7"><span class='ocrx_word' id='word_1_1' title='bbox 461 209 545 264; x_wconf 70' lang='grc' dir='ltr'><strong><em>ενι.</em></strong></span> <span class='ocrx_word' id='word_1_2' title='bbox 565 209 826 264; x_wconf 71' lang='grc' dir='ltr'><strong><em>Διιιιοεοεαιεε.</em></strong></span> <span class='ocrx_word' id='word_1_3' title='bbox 1107 205 1150 268; x_wconf 86' lang='grc'><strong><em>49</em></strong></span> 
     </span>
    </p>
   </div>
   <div class='ocr_carea' id='block_1_2' title="bbox 142 366 1240 1724">
    <p class='ocr_par' dir='ltr' id='par_1_2' title="bbox 142 366 1240 1724">
     <span class='ocr_line' id='line_1_2' title="bbox 143 366 1204 454; baseline -0.005 -21"><span class='ocrx_word' id='word_1_4' title='bbox 143 372 261 446; x_wconf 93' lang='grc' dir='ltr'><strong><em>λοντος</em></strong></span> <span class='ocrx_word' id='word_1_5' title='bbox 288 369 408 447; x_wconf 87' lang='grc' dir='ltr'><strong><em>αύτούς</em></strong></span> <span class='ocrx_word' id='word_1_6' title='bbox 433 368 488 435; x_wconf 87' lang='grc' dir='ltr'><strong><em>καί</em></strong></span> <span class='ocrx_word' id='word_1_7' title='bbox 511 368 584 450; x_wconf 80' lang='grc' dir='ltr'><strong><em>περὶ</em></strong></span> <span class='ocrx_word' id='word_1_8' title='bbox 608 379 667 435; x_wconf 88' lang='grc' dir='ltr'><strong><em>τοῦ</em></strong></span> <span class='ocrx_word' id='word_1_9' title='bbox 691 371 839 454; x_wconf 85' lang='grc' dir='ltr'><strong><em>σώματος</em></strong></span> <span class='ocrx_word' id='word_1_10' title='bbox 862 369 1074 453; x_wconf 82' lang='grc' dir='ltr'><strong><em>ἀμυνομένου</em></strong></span> <span class='ocrx_word' id='word_1_11' title='bbox 1098 366 1204 432; x_wconf 59' lang='lat' dir='ltr'><strong><em>uallo</em></strong></span> 
     </span>
     <span class='ocr_line' id='line_1_3' title="bbox 142 472 1150 561; baseline -0.001 -22"><span class='ocrx_word' id='word_1_12' title='bbox 142 475 270 540; x_wconf 93' lang='grc' dir='ltr'><strong><em>τούτων</em></strong></span> <span class='ocrx_word' id='word_1_13' title='bbox 293 477 378 561; x_wconf 77' lang='grc' dir='ltr'><strong><em>ἡμᾶς</em></strong></span> <span class='ocrx_word' id='word_1_14' title='bbox 400 479 602 560; x_wconf 75' lang='grc' dir='ltr'><strong><em>βαλλόντων,</em></strong></span> <span class='ocrx_word' id='word_1_15' title='bbox 625 479 672 540; x_wconf 87' lang='grc' dir='ltr'><strong><em>ἐτι</em></strong></span> <span class='ocrx_word' id='word_1_16' title='bbox 695 472 733 540; x_wconf 77' lang='grc' dir='ltr'><strong><em>δέ</em></strong></span> <span class='ocrx_word' id='word_1_17' title='bbox 755 479 945 541; x_wconf 79' lang='grc' dir='ltr'><strong><em>τυπτόντων</em></strong></span> <span class='ocrx_word' id='word_1_18' title='bbox 966 474 1067 540; x_wconf 89' lang='grc' dir='ltr'><strong><em>αὐτὸν</em></strong></span> <span class='ocrx_word' id='word_1_19' title='bbox 1086 474 1150 539; x_wconf 90' lang='grc' dir='ltr'><strong><em>ὑπὸ</em></strong></span> 
     </span>
     <span class='ocr_line' id='line_1_4' title="bbox 143 579 1152 666; baseline -0.001 -21"><span class='ocrx_word' id='word_1_20' title='bbox 143 591 201 664; x_wconf 82' lang='grc' dir='ltr'><strong><em>τῆς</em></strong></span> <span class='ocrx_word' id='word_1_21' title='bbox 223 582 342 666; x_wconf 90' lang='grc' dir='ltr'><strong><em>μέθης,</em></strong></span> <span class='ocrx_word' id='word_1_22' title='bbox 370 581 425 646; x_wconf 82' lang='grc' dir='ltr'><strong><em>καὶ</em></strong></span> <span class='ocrx_word' id='word_1_23' title='bbox 449 581 529 666; x_wconf 89' lang='grc' dir='ltr'><strong><em>ἐμοῦ</em></strong></span> <span class='ocrx_word' id='word_1_24' title='bbox 552 579 778 664; x_wconf 81' lang='grc' dir='ltr'><strong><em>ἀμυνομένου,</em></strong></span> <span class='ocrx_word' id='word_1_25' title='bbox 806 579 860 646; x_wconf 81' lang='grc' dir='ltr'><strong><em>καὶ</em></strong></span> <span class='ocrx_word' id='word_1_26' title='bbox 883 593 948 645; x_wconf 88' lang='grc' dir='ltr'><strong><em>τῶν</em></strong></span> <span class='ocrx_word' id='word_1_27' title='bbox 970 602 1152 665; x_wconf 88' lang='grc' dir='ltr'><strong><em>παραγενο-</em></strong></span> 
     </span>
     <span class='ocr_line' id='line_1_5' title="bbox 143 685 1152 771; baseline -0.002 -19"><span class='ocrx_word' id='word_1_28' title='bbox 143 686 254 770; x_wconf 89' lang='grc' dir='ltr'><strong><em>μένων</em></strong></span> <span class='ocrx_word' id='word_1_29' title='bbox 278 688 321 764; x_wconf 81' lang='grc' dir='ltr'><strong><em>ὡς</em></strong></span> <span class='ocrx_word' id='word_1_30' title='bbox 344 687 575 771; x_wconf 78' lang='grc' dir='ltr'><strong><em>ἀδικουμένοις</em></strong></span> <span class='ocrx_word' id='word_1_31' title='bbox 596 686 676 770; x_wconf 83' lang='grc' dir='ltr'><strong><em>ἡμῖν</em></strong></span> <span class='ocrx_word' id='word_1_32' title='bbox 699 685 853 752; x_wconf 82' lang='grc' dir='ltr'><strong><em>ἁπάντων</em></strong></span> <span class='ocrx_word' id='word_1_33' title='bbox 876 686 1152 770; x_wconf 88' lang='grc' dir='ltr'><strong><em>ἐπικουρούντων,</em></strong></span> 
     </span>
     <span class='ocr_line' id='line_1_6' title="bbox 144 791 1152 882; baseline -0.002 -24"><span class='ocrx_word' id='word_1_34' title='bbox 144 791 182 858; x_wconf 94' lang='grc' dir='ltr'><strong><em>ἐν</em></strong></span> <span class='ocrx_word' id='word_1_35' title='bbox 205 793 310 882; x_wconf 78' lang='grc' dir='ltr'><strong><em>τούτῳ</em></strong></span> <span class='ocrx_word' id='word_1_36' title='bbox 329 802 374 880; x_wconf 77' lang='grc' dir='ltr'><strong><em>τῷ</em></strong></span> <span class='ocrx_word' id='word_1_37' title='bbox 393 795 532 882; x_wconf 75' lang='grc' dir='ltr'><strong><em>θορύβῳ</em></strong></span> <span class='ocrx_word' id='word_1_38' title='bbox 552 795 797 878; x_wconf 79' lang='grc' dir='ltr'><strong><em>συντριβόμεθα</em></strong></span> <span class='ocrx_word' id='word_1_39' title='bbox 815 793 871 868; x_wconf 89' lang='grc' dir='ltr'><strong><em>τάς</em></strong></span> <span class='ocrx_word' id='word_1_40' title='bbox 889 793 1032 876; x_wconf 83' lang='grc' dir='ltr'><strong><em>κεφαλὰς</em></strong></span> <span class='ocrx_word' id='word_1_41' title='bbox 1051 793 1152 856; x_wconf 83' lang='grc' dir='ltr'><strong><em>ἀπαν-</em></strong></span> 
     </span>
     <span class='ocr_line' id='line_1_7' title="bbox 143 896 1152 983; baseline 0 -21"><span class='ocrx_word' id='word_1_42' title='bbox 143 921 205 974; x_wconf 91' lang='grc' dir='ltr'><strong><em>τες.</em></strong></span> <span class='ocrx_word' id='word_1_43' title='bbox 248 897 303 964; x_wconf 84' lang='grc' dir='ltr'><strong><em>καί</em></strong></span> <span class='ocrx_word' id='word_1_44' title='bbox 327 901 362 965; x_wconf 87' lang='grc' dir='ltr'><strong><em>οί</em></strong></span> <span class='ocrx_word' id='word_1_45' title='bbox 382 896 443 983; x_wconf 74' lang='grc' dir='ltr'><strong><em>μδν</em></strong></span> <span class='ocrx_word' id='word_1_46' title='bbox 466 900 560 965; x_wconf 87' lang='grc' dir='ltr'><strong><em>ἀλλοι</em></strong></span> <span class='ocrx_word' id='word_1_47' title='bbox 584 900 619 965; x_wconf 81' lang='grc' dir='ltr'><strong><em>ολ</em></strong></span> <span class='ocrx_word' id='word_1_48' title='bbox 639 899 718 983; x_wconf 88' lang='grc' dir='ltr'><strong><em>μετά</em></strong></span> <span class='ocrx_word' id='word_1_49' title='bbox 741 899 860 964; x_wconf 92' lang='grc' dir='ltr'><strong><em>τούτου</em></strong></span> <span class='ocrx_word' id='word_1_50' title='bbox 883 901 1152 982; x_wconf 79' lang='grc' dir='ltr'><strong><em>παροινήσαντες,</em></strong></span> 
     </span>
     <span class='ocr_line' id='line_1_8' title="bbox 144 1001 1152 1090; baseline -0.003 -20"><span class='ocrx_word' id='word_1_51' title='bbox 144 1003 259 1088; x_wconf 84' lang='grc' dir='ltr'><strong><em>ἐπειδή</em></strong></span> <span class='ocrx_word' id='word_1_52' title='bbox 282 1005 417 1090; x_wconf 85' lang='grc' dir='ltr'><strong><em>τάχιστά</em></strong></span> <span class='ocrx_word' id='word_1_53' title='bbox 439 1003 473 1090; x_wconf 90' lang='grc' dir='ltr'><strong><em>μ’</em></strong></span> <span class='ocrx_word' id='word_1_54' title='bbox 495 1001 586 1070; x_wconf 87' lang='grc' dir='ltr'><strong><em>εἰδον</em></strong></span> <span class='ocrx_word' id='word_1_55' title='bbox 605 1007 684 1089; x_wconf 83' lang='grc' dir='ltr'><strong><em>μετὰ</em></strong></span> <span class='ocrx_word' id='word_1_56' title='bbox 703 1013 815 1088; x_wconf 83' lang='grc' dir='ltr'><strong><em>ταῦτα,</em></strong></span> <span class='ocrx_word' id='word_1_57' title='bbox 840 1003 971 1069; x_wconf 83' lang='grc' dir='ltr'><strong><em>ἐδέοντό</em></strong></span> <span class='ocrx_word' id='word_1_58' title='bbox 991 1027 1055 1087; x_wconf 91' lang='grc' dir='ltr'><strong><em>μου</em></strong></span> <span class='ocrx_word' id='word_1_59' title='bbox 1075 1020 1152 1086; x_wconf 93' lang='grc' dir='ltr'><strong><em>συγ-</em></strong></span> 
     </span>
     <span class='ocr_line' id='line_1_9' title="bbox 144 1108 1153 1197; baseline -0.002 -22"><span class='ocrx_word' id='word_1_60' title='bbox 144 1113 282 1194; x_wconf 79' lang='grc' dir='ltr'><strong><em>γνώμην</em></strong></span> <span class='ocrx_word' id='word_1_61' title='bbox 305 1114 409 1196; x_wconf 83' lang='grc' dir='ltr'><strong><em>ἔχειν,</em></strong></span> <span class='ocrx_word' id='word_1_62' title='bbox 435 1111 496 1197; x_wconf 83' lang='grc' dir='ltr'><strong><em>οὐχ</em></strong></span> <span class='ocrx_word' id='word_1_63' title='bbox 520 1111 564 1188; x_wconf 81' lang='grc' dir='ltr'><strong><em>ὡς</em></strong></span> <span class='ocrx_word' id='word_1_64' title='bbox 586 1111 798 1195; x_wconf 91' lang='grc' dir='ltr'><strong><em>ἀδικούμενοι</em></strong></span> <span class='ocrx_word' id='word_1_65' title='bbox 821 1108 893 1174; x_wconf 87' lang='grc' dir='ltr'><strong><em>ἀλλ’</em></strong></span> <span class='ocrx_word' id='word_1_66' title='bbox 916 1109 960 1185; x_wconf 81' lang='grc' dir='ltr'><strong><em>ὡς</em></strong></span> <span class='ocrx_word' id='word_1_67' title='bbox 983 1110 1075 1174; x_wconf 84' lang='grc' dir='ltr'><strong><em>δεινά</em></strong></span> <span class='ocrx_word' id='word_1_68' title='bbox 1098 1130 1153 1173; x_wconf 90' lang='grc' dir='ltr'><strong><em>πε-</em></strong></span> 
     </span>
     <span class='ocr_line' id='line_1_10' title="bbox 144 1214 1153 1301; baseline -0.004 -19"><span class='ocrx_word' id='word_1_69' title='bbox 144 1220 329 1301; x_wconf 87' lang='grc' dir='ltr'><strong><em>ποιηκότες·</em></strong></span> <span class='ocrx_word' id='word_1_70' title='bbox 358 1215 413 1282; x_wconf 82' lang='grc' dir='ltr'><strong><em>καί</em></strong></span> <span class='ocrx_word' id='word_1_71' title='bbox 441 1217 473 1296; x_wconf 84' lang='grc' dir='ltr'><strong><em>ἐξ</em></strong></span> <span class='ocrx_word' id='word_1_72' title='bbox 502 1217 629 1283; x_wconf 88' lang='grc' dir='ltr'><strong><em>ἐκείνου</em></strong></span> <span class='ocrx_word' id='word_1_73' title='bbox 657 1226 717 1282; x_wconf 85' lang='grc' dir='ltr'><strong><em>τοῦ</em></strong></span> <span class='ocrx_word' id='word_1_74' title='bbox 740 1220 862 1301; x_wconf 87' lang='grc' dir='ltr'><strong><em>χρόνου</em></strong></span> <span class='ocrx_word' id='word_1_75' title='bbox 886 1217 1047 1300; x_wconf 80' lang='grc' dir='ltr'><strong><em>τεττάρων</em></strong></span> <span class='ocrx_word' id='word_1_76' title='bbox 1072 1214 1153 1279; x_wconf 90' lang='grc' dir='ltr'><strong><em>έτῶν</em></strong></span> 
     </span>
     <span class='ocr_line' id='line_1_11' title="bbox 144 1320 1152 1410; baseline -0.004 -22"><span class='ocrx_word' id='word_1_77' title='bbox 144 1327 426 1410; x_wconf 77' lang='grc' dir='ltr'><strong><em>παρεληλυθότων</em></strong></span> <span class='ocrx_word' id='word_1_78' title='bbox 456 1321 555 1389; x_wconf 80' lang='grc' dir='ltr'><strong><em>οὐδέν</em></strong></span> <span class='ocrx_word' id='word_1_79' title='bbox 583 1347 638 1406; x_wconf 93' lang='grc' dir='ltr'><strong><em>μοι</em></strong></span> <span class='ocrx_word' id='word_1_80' title='bbox 666 1320 789 1387; x_wconf 83' lang='grc' dir='ltr'><strong><em>πώποτ’</em></strong></span> <span class='ocrx_word' id='word_1_81' title='bbox 816 1321 1006 1386; x_wconf 80' lang='grc' dir='ltr'><strong><em>ἐνεκάλεσεν</em></strong></span> <span class='ocrx_word' id='word_1_82' title='bbox 1036 1321 1152 1396; x_wconf 88' lang='grc' dir='ltr'><strong><em>οὐδείς.</em></strong></span> 
     </span>
     <span class='ocr_line' id='line_1_12' title="bbox 146 1425 1240 1512; baseline -0.004 -18"><span class='ocrx_word' id='word_1_83' title='bbox 146 1433 263 1512; x_wconf 86' lang='grc' dir='ltr'><strong><em>Σίμων</em></strong></span> <span class='ocrx_word' id='word_1_84' title='bbox 291 1425 321 1493; x_wconf 79' lang='grc' dir='ltr'><strong><em>δ’</em></strong></span> <span class='ocrx_word' id='word_1_85' title='bbox 349 1429 477 1511; x_wconf 85' lang='grc' dir='ltr'><strong><em>οὑτοσί,</em></strong></span> <span class='ocrx_word' id='word_1_86' title='bbox 506 1429 523 1494; x_wconf 91' lang='grc' dir='ltr'>ὁ</span> <span class='ocrx_word' id='word_1_87' title='bbox 551 1429 683 1493; x_wconf 89' lang='grc' dir='ltr'><strong><em>πάντων</em></strong></span> <span class='ocrx_word' id='word_1_88' title='bbox 711 1440 778 1492; x_wconf 89' lang='grc' dir='ltr'><strong><em>τῶν</em></strong></span> <span class='ocrx_word' id='word_1_89' title='bbox 803 1439 912 1492; x_wconf 80' lang='grc' dir='ltr'><strong><em>κακῶν</em></strong></span> <span class='ocrx_word' id='word_1_90' title='bbox 935 1434 1038 1503; x_wconf 87' lang='grc' dir='ltr'><strong><em>αἰτιος</em></strong></span> <span class='ocrx_word' id='word_1_91' title='bbox 1061 1429 1153 1510; x_wconf 90' lang='grc' dir='ltr'><strong><em>γενό-</em></strong></span> <span class='ocrx_word' id='word_1_92' title='bbox 1236 1476 1240 1484; x_wconf 95' lang='grc'>.</span> 
     </span>
     <span class='ocr_line' id='line_1_13' title="bbox 146 1532 1153 1619; baseline -0.006 -18"><span class='ocrx_word' id='word_1_93' title='bbox 146 1558 260 1618; x_wconf 86' lang='grc' dir='ltr'><strong><em>μενος,</em></strong></span> <span class='ocrx_word' id='word_1_94' title='bbox 288 1532 410 1600; x_wconf 82' lang='grc' dir='ltr'><strong><em>οὑτωσὶ</em></strong></span> <span class='ocrx_word' id='word_1_95' title='bbox 436 1540 607 1619; x_wconf 77' lang='grc' dir='ltr'><strong><em>τολμηρῶς</em></strong></span> <span class='ocrx_word' id='word_1_96' title='bbox 633 1536 680 1610; x_wconf 91' lang='grc' dir='ltr'><strong><em>εἰς</em></strong></span> <span class='ocrx_word' id='word_1_97' title='bbox 706 1542 858 1598; x_wconf 88' lang='grc' dir='ltr'><strong><em>τοιοῦτον</em></strong></span> <span class='ocrx_word' id='word_1_98' title='bbox 882 1532 994 1616; x_wconf 87' lang='grc' dir='ltr'><strong><em>ἀγῶνά</em></strong></span> <span class='ocrx_word' id='word_1_99' title='bbox 1016 1555 1055 1616; x_wconf 89' lang='grc' dir='ltr'><strong><em>με</em></strong></span> <span class='ocrx_word' id='word_1_100' title='bbox 1073 1555 1153 1596; x_wconf 76' lang='grc' dir='ltr'><strong><em>κατ-</em></strong></span> 
     </span>
     <span class='ocr_line' id='line_1_14' title="bbox 146 1641 292 1724; baseline 0 -18"><span class='ocrx_word' id='word_1_101' title='bbox 146 1641 292 1724; x_wconf 88' lang='grc' dir='ltr'><strong><em>ε’στησεν.</em></strong></span> 
     </span>
    </p>
   </div>
   <div class='ocr_carea' id='block_1_3' title="bbox 320 1831 986 1902">
    <p class='ocr_par' dir='ltr' id='par_1_3' title="bbox 320 1831 986 1902">
     <span class='ocr_line' id='line_1_15' title="bbox 320 1831 986 1902; baseline 0 -16"><span class='ocrx_word' id='word_1_102' title='bbox 320 1832 350 1902; x_wconf 93' lang='lat' dir='ltr'><strong><em>b)</em></strong></span> <span class='ocrx_word' id='word_1_103' title='bbox 370 1832 457 1897; x_wconf 80' lang='lat' dir='ltr'><strong>(Dem.</strong></span> <span class='ocrx_word' id='word_1_104' title='bbox 472 1832 534 1888; x_wconf 83' lang='lat' dir='ltr'><strong><em>LIV</em></strong></span> <span class='ocrx_word' id='word_1_105' title='bbox 550 1840 572 1886; x_wconf 89' lang='lat' dir='ltr'><strong><em>l.</em></strong></span> <span class='ocrx_word' id='word_1_106' title='bbox 592 1837 688 1887; x_wconf 76' lang='lat'>3—12.</span> <span class='ocrx_word' id='word_1_107' title='bbox 717 1831 750 1886; x_wconf 84' lang='lat' dir='ltr'><strong><em>cf.</em></strong></span> <span class='ocrx_word' id='word_1_108' title='bbox 766 1831 834 1888; x_wconf 77' lang='lat' dir='ltr'><strong>fasc.</strong></span> <span class='ocrx_word' id='word_1_109' title='bbox 849 1831 876 1884; x_wconf 87' lang='lat' dir='ltr'><strong><em>II</em></strong></span> <span class='ocrx_word' id='word_1_110' title='bbox 890 1851 917 1901; x_wconf 88' lang='lat' dir='ltr'><strong><em>p.</em></strong></span> <span class='ocrx_word' id='word_1_111' title='bbox 934 1834 986 1899; x_wconf 80' lang='lat'>10.)</span> 
     </span>
    </p>
   </div>
   <div class='ocr_carea' id='block_1_4' title="bbox 147 1955 1250 3710">
    <p class='ocr_par' dir='ltr' id='par_1_4' title="bbox 147 1955 1238 3314">
     <span class='ocr_line' id='line_1_16' title="bbox 209 1955 1187 2044; baseline -0.008 -20"><span class='ocrx_word' id='word_1_112' title='bbox 209 1956 408 2044; x_wconf 61' lang='grc' dir='ltr'><strong><em>’Ἰβρισθείς</em></strong></span> <span class='ocrx_word' id='word_1_113' title='bbox 432 1955 457 2024; x_wconf 83' lang='grc' dir='ltr'><em>ὦ</em></span> <span class='ocrx_word' id='word_1_114' title='bbox 477 1960 595 2043; x_wconf 85' lang='grc' dir='ltr'><strong><em>ἀνδρες</em></strong></span> <span class='ocrx_word' id='word_1_115' title='bbox 614 1961 774 2039; x_wconf 89' lang='grc' dir='ltr'><strong><em>δικασταί,</em></strong></span> <span class='ocrx_word' id='word_1_116' title='bbox 793 1955 846 2022; x_wconf 82' lang='grc' dir='ltr'><strong><em>καί</em></strong></span> <span class='ocrx_word' id='word_1_117' title='bbox 865 1959 985 2022; x_wconf 84' lang='grc' dir='ltr'><strong><em>παθὼν</em></strong></span> <span class='ocrx_word' id='word_1_118' title='bbox 1004 1959 1069 2022; x_wconf 85' lang='grc' dir='ltr'><strong><em>ὑπὸ</em></strong></span> <span class='ocrx_word' id='word_1_119' title='bbox 1090 1961 1154 2022; x_wconf 86' lang='grc' dir='ltr'><strong><em>Κό-</em></strong></span> <span class='ocrx_word' id='word_1_120' title='bbox 1175 1970 1187 2016; x_wconf 91' lang='lat'>1</span> 
     </span>
     <span class='ocr_line' id='line_1_17' title="bbox 147 2062 1153 2149; baseline -0.002 -19"><span class='ocrx_word' id='word_1_121' title='bbox 147 2089 255 2142; x_wconf 91' lang='grc' dir='ltr'><strong><em>νωνος</em></strong></span> <span class='ocrx_word' id='word_1_122' title='bbox 277 2062 410 2131; x_wconf 80' lang='grc' dir='ltr'><strong><em>τουτουί</em></strong></span> <span class='ocrx_word' id='word_1_123' title='bbox 432 2062 580 2147; x_wconf 84' lang='grc' dir='ltr'><strong><em>τοιαῦθ’,</em></strong></span> <span class='ocrx_word' id='word_1_124' title='bbox 603 2065 684 2130; x_wconf 84' lang='grc' dir='ltr'><strong><em>ὥστε</em></strong></span> <span class='ocrx_word' id='word_1_125' title='bbox 703 2066 810 2129; x_wconf 85' lang='grc' dir='ltr'><strong><em>πολύν</em></strong></span> <span class='ocrx_word' id='word_1_126' title='bbox 828 2066 950 2149; x_wconf 81' lang='grc' dir='ltr'><strong><em>χρόνον</em></strong></span> <span class='ocrx_word' id='word_1_127' title='bbox 968 2063 1056 2128; x_wconf 89' lang='grc' dir='ltr'><strong><em>πάνυ</em></strong></span> <span class='ocrx_word' id='word_1_128' title='bbox 1075 2066 1153 2146; x_wconf 91' lang='grc' dir='ltr'><strong><em>μήτε</em></strong></span> 
     </span>
     <span class='ocr_line' id='line_1_18' title="bbox 148 2168 1154 2255; baseline -0.005 -18"><span class='ocrx_word' id='word_1_129' title='bbox 148 2175 225 2248; x_wconf 88' lang='grc' dir='ltr'><strong><em>τοὺς</em></strong></span> <span class='ocrx_word' id='word_1_130' title='bbox 243 2173 385 2247; x_wconf 77' lang='grc' dir='ltr'><strong><em>οἰκείους</em></strong></span> <span class='ocrx_word' id='word_1_131' title='bbox 403 2173 482 2255; x_wconf 89' lang='grc' dir='ltr'><strong><em>μήτε</em></strong></span> <span class='ocrx_word' id='word_1_132' title='bbox 501 2182 567 2236; x_wconf 92' lang='grc' dir='ltr'><strong><em>τῶν</em></strong></span> <span class='ocrx_word' id='word_1_133' title='bbox 587 2173 707 2253; x_wconf 80' lang='grc' dir='ltr'><strong><em>ἰατρῶν</em></strong></span> <span class='ocrx_word' id='word_1_134' title='bbox 722 2168 848 2254; x_wconf 91' lang='grc' dir='ltr'><strong><em>μηδένα</em></strong></span> <span class='ocrx_word' id='word_1_135' title='bbox 861 2171 1050 2254; x_wconf 77' lang='grc' dir='ltr'><strong><em>προσδοκᾶν</em></strong></span> <span class='ocrx_word' id='word_1_136' title='bbox 1064 2191 1154 2253; x_wconf 91' lang='grc' dir='ltr'><strong><em>περι-</em></strong></span> 
     </span>
     <span class='ocr_line' id='line_1_19' title="bbox 148 2273 1155 2363; baseline -0.005 -20"><span class='ocrx_word' id='word_1_137' title='bbox 148 2277 331 2363; x_wconf 84' lang='grc' dir='ltr'><strong><em>φεύξεσθαί</em></strong></span> <span class='ocrx_word' id='word_1_138' title='bbox 350 2300 402 2361; x_wconf 88' lang='grc' dir='ltr'><strong><em>με,</em></strong></span> <span class='ocrx_word' id='word_1_139' title='bbox 424 2277 562 2360; x_wconf 75' lang='grc' dir='ltr'><strong><em>ὑγιάνας</em></strong></span> <span class='ocrx_word' id='word_1_140' title='bbox 585 2275 639 2341; x_wconf 88' lang='grc' dir='ltr'><strong><em>καί</em></strong></span> <span class='ocrx_word' id='word_1_141' title='bbox 662 2273 784 2352; x_wconf 81' lang='grc' dir='ltr'><strong><em>σωθείς</em></strong></span> <span class='ocrx_word' id='word_1_142' title='bbox 806 2275 1059 2361; x_wconf 75' lang='grc' dir='ltr'><strong><em>ἀπροσδοκήτως</em></strong></span> <span class='ocrx_word' id='word_1_143' title='bbox 1083 2277 1155 2338; x_wconf 88' lang='grc' dir='ltr'><strong><em>ἐλα-</em></strong></span> 
     </span>
     <span class='ocr_line' id='line_1_20' title="bbox 148 2376 1155 2469; baseline -0.005 -20"><span class='ocrx_word' id='word_1_144' title='bbox 148 2408 208 2469; x_wconf 80' lang='grc' dir='ltr'><strong><em>χον</em></strong></span> <span class='ocrx_word' id='word_1_145' title='bbox 235 2383 323 2469; x_wconf 75' lang='grc' dir='ltr'><strong><em>αὐτῷ</em></strong></span> <span class='ocrx_word' id='word_1_146' title='bbox 349 2385 410 2467; x_wconf 84' lang='grc' dir='ltr'><strong><em>τήν</em></strong></span> <span class='ocrx_word' id='word_1_147' title='bbox 438 2385 534 2466; x_wconf 89' lang='grc' dir='ltr'><strong><em>δίκην</em></strong></span> <span class='ocrx_word' id='word_1_148' title='bbox 563 2392 620 2466; x_wconf 85' lang='grc' dir='ltr'><strong><em>τής</em></strong></span> <span class='ocrx_word' id='word_1_149' title='bbox 643 2384 749 2458; x_wconf 79' lang='grc' dir='ltr'><strong><em>αἰκίας</em></strong></span> <span class='ocrx_word' id='word_1_150' title='bbox 771 2385 915 2465; x_wconf 92' lang='grc' dir='ltr'><strong><em>ταυτηνί.</em></strong></span> <span class='ocrx_word' id='word_1_151' title='bbox 961 2382 1094 2446; x_wconf 89' lang='grc' dir='ltr'><strong><em>πάντων</em></strong></span> <span class='ocrx_word' id='word_1_152' title='bbox 1119 2376 1155 2445; x_wconf 78' lang='grc' dir='ltr'><strong><em>δέ</em></strong></span> 
     </span>
     <span class='ocr_line' id='line_1_21' title="bbox 148 2479 1153 2574; baseline -0.003 -19"><span class='ocrx_word' id='word_1_153' title='bbox 148 2501 214 2555; x_wconf 88' lang='grc' dir='ltr'><strong><em>τῶν</em></strong></span> <span class='ocrx_word' id='word_1_154' title='bbox 237 2493 345 2574; x_wconf 86' lang='grc' dir='ltr'><strong><em>φίλων</em></strong></span> <span class='ocrx_word' id='word_1_155' title='bbox 367 2488 506 2554; x_wconf 84' lang='grc' dir='ltr'><strong><em>καὶτῶν</em></strong></span> <span class='ocrx_word' id='word_1_156' title='bbox 525 2490 667 2567; x_wconf 84' lang='grc' dir='ltr'><strong><em>οἰκείων,</em></strong></span> <span class='ocrx_word' id='word_1_157' title='bbox 691 2479 741 2564; x_wconf 82' lang='grc' dir='ltr'><strong><em>οἷς</em></strong></span> <span class='ocrx_word' id='word_1_158' title='bbox 760 2489 1060 2570; x_wconf 89' lang='grc' dir='ltr'><strong><em>συνεβουλευόμην,</em></strong></span> <span class='ocrx_word' id='word_1_159' title='bbox 1084 2489 1153 2552; x_wconf 73' lang='grc' dir='ltr'><strong><em>ε”νο-</em></strong></span> 
     </span>
     <span class='ocr_line' id='line_1_22' title="bbox 148 2579 1238 2680; baseline -0.005 -20"><span class='ocrx_word' id='word_1_160' title='bbox 148 2619 208 2680; x_wconf 79' lang='grc' dir='ltr'><strong><em>χον</em></strong></span> <span class='ocrx_word' id='word_1_161' title='bbox 236 2591 297 2678; x_wconf 72' lang='grc' dir='ltr'><strong><em>μὲν</em></strong></span> <span class='ocrx_word' id='word_1_162' title='bbox 319 2597 514 2679; x_wconf 86' lang='grc' dir='ltr'><strong><em>φασκόντων</em></strong></span> <span class='ocrx_word' id='word_1_163' title='bbox 538 2593 639 2659; x_wconf 82' lang='grc' dir='ltr'><strong><em>αὐτὸν</em></strong></span> <span class='ocrx_word' id='word_1_164' title='bbox 663 2592 698 2658; x_wconf 90' lang='grc' dir='ltr'><strong><em>ἐκ</em></strong></span> <span class='ocrx_word' id='word_1_165' title='bbox 720 2603 787 2657; x_wconf 91' lang='grc' dir='ltr'><strong><em>τῶν</em></strong></span> <span class='ocrx_word' id='word_1_166' title='bbox 810 2590 1048 2676; x_wconf 79' lang='grc' dir='ltr'><strong><em>πεπραγμένων</em></strong></span> <span class='ocrx_word' id='word_1_167' title='bbox 1071 2587 1155 2656; x_wconf 80' lang='grc' dir='ltr'><strong><em>εἶναι</em></strong></span> <span class='ocrx_word' id='word_1_168' title='bbox 1236 2579 1238 2582; x_wconf 39' lang='grc'>’</span> 
     </span>
     <span class='ocr_line' id='line_1_23' title="bbox 148 2697 1156 2786; baseline -0.004 -19"><span class='ocrx_word' id='word_1_169' title='bbox 148 2700 203 2767; x_wconf 85' lang='grc' dir='ltr'><strong><em>καί</em></strong></span> <span class='ocrx_word' id='word_1_170' title='bbox 225 2710 263 2786; x_wconf 83' lang='grc' dir='ltr'><strong><em>τή</em></strong></span> <span class='ocrx_word' id='word_1_171' title='bbox 287 2713 353 2766; x_wconf 92' lang='grc' dir='ltr'><strong><em>τῶν</em></strong></span> <span class='ocrx_word' id='word_1_172' title='bbox 377 2702 578 2766; x_wconf 86' lang='grc' dir='ltr'><strong><em>λωποδυτῶν</em></strong></span> <span class='ocrx_word' id='word_1_173' title='bbox 601 2699 757 2784; x_wconf 77' lang='grc' dir='ltr'><strong><em>ἀπαγωγῇ</em></strong></span> <span class='ocrx_word' id='word_1_174' title='bbox 781 2697 835 2762; x_wconf 81' lang='grc' dir='ltr'><strong><em>καὶ</em></strong></span> <span class='ocrx_word' id='word_1_175' title='bbox 858 2710 928 2774; x_wconf 74' lang='grc' dir='ltr'><strong><em>ταῖς</em></strong></span> <span class='ocrx_word' id='word_1_176' title='bbox 950 2708 1007 2781; x_wconf 84' lang='grc' dir='ltr'><strong><em>τής</em></strong></span> <span class='ocrx_word' id='word_1_177' title='bbox 1028 2699 1156 2783; x_wconf 86' lang='grc' dir='ltr'><strong><em>ύβρεως</em></strong></span> 
     </span>
     <span class='ocr_line' id='line_1_24' title="bbox 149 2803 1154 2892; baseline -0.005 -20"><span class='ocrx_word' id='word_1_178' title='bbox 149 2819 301 2892; x_wconf 76' lang='grc' dir='ltr'><strong><em>γραφαῖς,</em></strong></span> <span class='ocrx_word' id='word_1_179' title='bbox 319 2808 617 2891; x_wconf 91' lang='grc' dir='ltr'><strong><em>συμβουλευόντων</em></strong></span> <span class='ocrx_word' id='word_1_180' title='bbox 637 2805 677 2869; x_wconf 82' lang='grc' dir='ltr'><strong><em>δι’</em></strong></span> <span class='ocrx_word' id='word_1_181' title='bbox 692 2830 748 2889; x_wconf 91' lang='grc' dir='ltr'><strong><em>μοι</em></strong></span> <span class='ocrx_word' id='word_1_182' title='bbox 767 2803 821 2869; x_wconf 86' lang='grc' dir='ltr'><strong><em>καί</em></strong></span> <span class='ocrx_word' id='word_1_183' title='bbox 839 2805 1092 2888; x_wconf 88' lang='grc' dir='ltr'><strong><em>παραινούντων</em></strong></span> <span class='ocrx_word' id='word_1_184' title='bbox 1111 2805 1154 2887; x_wconf 84' lang='grc' dir='ltr'><strong><em>μή</em></strong></span> 
     </span>
     <span class='ocr_line' id='line_1_25' title="bbox 149 2906 1151 2998; baseline -0.004 -20"><span class='ocrx_word' id='word_1_185' title='bbox 149 2915 244 2997; x_wconf 80' lang='grc' dir='ltr'><strong><em>μείζω</em></strong></span> <span class='ocrx_word' id='word_1_186' title='bbox 272 2906 433 2996; x_wconf 90' lang='grc' dir='ltr'><strong><em>πράγματ’</em></strong></span> <span class='ocrx_word' id='word_1_187' title='bbox 459 2910 479 2994; x_wconf 81' lang='grc' dir='ltr'><strong><em>ή</em></strong></span> <span class='ocrx_word' id='word_1_188' title='bbox 508 2912 692 2998; x_wconf 80' lang='grc' dir='ltr'><strong><em>δυγήσομαι</em></strong></span> <span class='ocrx_word' id='word_1_189' title='bbox 715 2909 830 2994; x_wconf 82' lang='grc' dir='ltr'><strong><em>φέρειν</em></strong></span> <span class='ocrx_word' id='word_1_190' title='bbox 853 2909 1049 2992; x_wconf 90' lang='grc' dir='ltr'><strong><em>ἐπάγεσθαι,</em></strong></span> <span class='ocrx_word' id='word_1_191' title='bbox 1075 2907 1151 2993; x_wconf 91' lang='grc' dir='ltr'><strong><em>μηδ’</em></strong></span> 
     </span>
     <span class='ocr_line' id='line_1_26' title="bbox 148 3010 1156 3110; baseline -0.004 -26"><span class='ocrx_word' id='word_1_192' title='bbox 148 3015 230 3103; x_wconf 79' lang='grc' dir='ltr'><strong><em>ύπέρ</em></strong></span> <span class='ocrx_word' id='word_1_193' title='bbox 250 3019 310 3101; x_wconf 81' lang='grc' dir='ltr'><strong><em>τήν</em></strong></span> <span class='ocrx_word' id='word_1_194' title='bbox 328 3017 459 3110; x_wconf 76' lang='grc' dir='ltr'><strong><em>ἡλικίαν</em></strong></span> <span class='ocrx_word' id='word_1_195' title='bbox 474 3010 520 3081; x_wconf 85' lang='grc' dir='ltr'><strong><em>ὧν</em></strong></span> <span class='ocrx_word' id='word_1_196' title='bbox 535 3015 733 3081; x_wconf 83' lang='grc' dir='ltr'><strong><em>ἐπεπόνθειν</em></strong></span> <span class='ocrx_word' id='word_1_197' title='bbox 749 3014 951 3098; x_wconf 86' lang='grc' dir='ltr'><strong><em>ἐγκαλοῦντα</em></strong></span> <span class='ocrx_word' id='word_1_198' title='bbox 965 3019 1156 3100; x_wconf 83' lang='grc' dir='ltr'><strong><em>φαίνεσθαι,</em></strong></span> 
     </span>
     <span class='ocr_line' id='line_1_27' title="bbox 149 3119 1156 3206; baseline -0.005 -16"><span class='ocrx_word' id='word_1_199' title='bbox 149 3125 253 3200; x_wconf 82' lang='grc' dir='ltr'><strong><em>οὕτως</em></strong></span> <span class='ocrx_word' id='word_1_200' title='bbox 282 3122 418 3206; x_wconf 87' lang='grc' dir='ltr'><strong><em>ἐποίησα</em></strong></span> <span class='ocrx_word' id='word_1_201' title='bbox 447 3121 501 3187; x_wconf 85' lang='grc' dir='ltr'><strong><em>καί</em></strong></span> <span class='ocrx_word' id='word_1_202' title='bbox 532 3119 576 3186; x_wconf 87' lang='grc' dir='ltr'><strong><em>δι’</em></strong></span> <span class='ocrx_word' id='word_1_203' title='bbox 606 3121 752 3198; x_wconf 86' lang='grc' dir='ltr'><strong><em>ἐκείνους</em></strong></span> <span class='ocrx_word' id='word_1_204' title='bbox 785 3122 874 3186; x_wconf 88' lang='grc' dir='ltr'><strong><em>ἰδίαν</em></strong></span> <span class='ocrx_word' id='word_1_205' title='bbox 901 3124 1020 3205; x_wconf 81' lang='grc' dir='ltr'><strong><em>ἔλαχον</em></strong></span> <span class='ocrx_word' id='word_1_206' title='bbox 1048 3122 1156 3205; x_wconf 91' lang='grc' dir='ltr'><strong><em>δίκην,</em></strong></span> 
     </span>
     <span class='ocr_line' id='line_1_28' title="bbox 147 3224 1155 3314; baseline -0.002 -19"><span class='ocrx_word' id='word_1_207' title='bbox 147 3227 253 3314; x_wconf 76' lang='grc' dir='ltr'><strong><em>ἥδιστ’</em></strong></span> <span class='ocrx_word' id='word_1_208' title='bbox 273 3231 326 3312; x_wconf 89' lang='grc' dir='ltr'><strong><em>ἀν,</em></strong></span> <span class='ocrx_word' id='word_1_209' title='bbox 346 3224 372 3292; x_wconf 84' lang='grc' dir='ltr'><strong>ὧ</strong></span> <span class='ocrx_word' id='word_1_210' title='bbox 391 3229 509 3311; x_wconf 85' lang='grc' dir='ltr'><strong><em>ἀνδρες</em></strong></span> <span class='ocrx_word' id='word_1_211' title='bbox 525 3224 708 3312; x_wconf 78' lang='grc' dir='ltr'><strong><em>Ἀθηναῖοι,</em></strong></span> <span class='ocrx_word' id='word_1_212' title='bbox 726 3227 877 3293; x_wconf 90' lang='grc' dir='ltr'><strong><em>θανάτου</em></strong></span> <span class='ocrx_word' id='word_1_213' title='bbox 894 3231 1010 3312; x_wconf 86' lang='grc' dir='ltr'><strong><em>κρίνας</em></strong></span> <span class='ocrx_word' id='word_1_214' title='bbox 1027 3236 1155 3293; x_wconf 89' lang='grc' dir='ltr'><strong><em>τοῦτον.</em></strong></span> 
     </span>
    </p>

    <p class='ocr_par' dir='ltr' id='par_1_5' title="bbox 147 3331 1250 3631">
     <span class='ocr_line' id='line_1_29' title="bbox 212 3331 1189 3420; baseline -0.002 -20"><span class='ocrx_word' id='word_1_215' title='bbox 212 3334 423 3420; x_wconf 82' lang='grc' dir='ltr'><strong><em>Ἐξήλθομεν,</em></strong></span> <span class='ocrx_word' id='word_1_216' title='bbox 448 3336 518 3408; x_wconf 80' lang='grc' dir='ltr'><strong><em>ἔτος</em></strong></span> <span class='ocrx_word' id='word_1_217' title='bbox 536 3331 627 3398; x_wconf 80' lang='grc' dir='ltr'><strong><em>τουτί</em></strong></span> <span class='ocrx_word' id='word_1_218' title='bbox 644 3337 768 3416; x_wconf 93' lang='grc' dir='ltr'><strong><em>τρίτον,</em></strong></span> <span class='ocrx_word' id='word_1_219' title='bbox 791 3335 838 3409; x_wconf 90' lang='grc' dir='ltr'><strong><em>εἰς</em></strong></span> <span class='ocrx_word' id='word_1_220' title='bbox 856 3334 1034 3399; x_wconf 90' lang='grc' dir='ltr'><strong><em>Πάνακτον</em></strong></span> <span class='ocrx_word' id='word_1_221' title='bbox 1051 3357 1155 3418; x_wconf 86' lang='grc' dir='ltr'><strong><em>φρου-</em></strong></span> <span class='ocrx_word' id='word_1_222' title='bbox 1174 3350 1189 3398; x_wconf 80' lang='lat'>2</span> 
     </span>
     <span class='ocr_line' id='line_1_30' title="bbox 148 3433 1250 3542; baseline -0.003 -35"><span class='ocrx_word' id='word_1_223' title='bbox 148 3452 207 3526; x_wconf 85' lang='grc' dir='ltr'><strong><em>ρᾶς</em></strong></span> <span class='ocrx_word' id='word_1_224' title='bbox 232 3442 312 3526; x_wconf 76' lang='grc' dir='ltr'><strong><em>ἡμῖν</em></strong></span> <span class='ocrx_word' id='word_1_225' title='bbox 339 3443 591 3525; x_wconf 88' lang='grc' dir='ltr'><strong><em>προγραφείσης.</em></strong></span> <span class='ocrx_word' id='word_1_226' title='bbox 643 3440 834 3523; x_wconf 81' lang='grc' dir='ltr'><strong><em>ἐσκήνωσαν</em></strong></span> <span class='ocrx_word' id='word_1_227' title='bbox 863 3433 924 3504; x_wconf 83' lang='grc' dir='ltr'><strong><em>οὖν</em></strong></span> <span class='ocrx_word' id='word_1_228' title='bbox 953 3440 988 3504; x_wconf 87' lang='grc' dir='ltr'><strong><em>οί</em></strong></span> <span class='ocrx_word' id='word_1_229' title='bbox 1012 3441 1095 3515; x_wconf 80' lang='grc' dir='ltr'><strong><em>υίεῖς</em></strong></span> <span class='ocrx_word' id='word_1_230' title='bbox 1121 3441 1156 3505; x_wconf 87' lang='grc' dir='ltr'><strong><em>οί</em></strong></span> <span class='ocrx_word' id='word_1_231' title='bbox 1167 3439 1250 3542; x_wconf 51' lang='grc' dir='ltr'><strong><em>Ξέβήῧ</em></strong></span> 
     </span>
     <span class='ocr_line' id='line_1_31' title="bbox 147 3543 1154 3631; baseline -0.006 -17"><span class='ocrx_word' id='word_1_232' title='bbox 147 3551 305 3624; x_wconf 89' lang='grc' dir='ltr'><strong><em>Κόνωνος</em></strong></span> <span class='ocrx_word' id='word_1_233' title='bbox 332 3545 429 3630; x_wconf 85' lang='grc' dir='ltr'><strong><em>ἐγγύς</em></strong></span> <span class='ocrx_word' id='word_1_234' title='bbox 456 3544 565 3629; x_wconf 83' lang='grc' dir='ltr'><strong><em>ήμῶν,</em></strong></span> <span class='ocrx_word' id='word_1_235' title='bbox 593 3546 637 3622; x_wconf 83' lang='grc' dir='ltr'><strong><em>ῶς</em></strong></span> <span class='ocrx_word' id='word_1_236' title='bbox 665 3546 726 3611; x_wconf 87' lang='grc' dir='ltr'><strong><em>οὐκ</em></strong></span> <span class='ocrx_word' id='word_1_237' title='bbox 750 3545 792 3610; x_wconf 88' lang='grc' dir='ltr'><strong><em>ἀν</em></strong></span> <span class='ocrx_word' id='word_1_238' title='bbox 815 3544 1014 3628; x_wconf 87' lang='grc' dir='ltr'><strong><em>ἐβουλόμην·</em></strong></span> <span class='ocrx_word' id='word_1_239' title='bbox 1048 3543 1068 3627; x_wconf 81' lang='grc' dir='ltr'><strong><em>ή</em></strong></span> <span class='ocrx_word' id='word_1_240' title='bbox 1092 3545 1154 3631; x_wconf 82' lang='grc' dir='ltr'><strong><em>γάρ</em></strong></span> 
     </span>
    </p>

    <p class='ocr_par' dir='ltr' id='par_1_6' title="bbox 199 3653 996 3710">
     <span class='ocr_line' id='line_1_32' title="bbox 199 3653 996 3710; baseline -0.011 -7"><span class='ocrx_word' id='word_1_241' title='bbox 199 3660 352 3710; x_wconf 71' lang='grc' dir='ltr'><strong><em>ΙιἾοτίΙοςλιιω</em></strong></span> <span class='ocrx_word' id='word_1_242' title='bbox 367 3660 478 3700; x_wconf 67' lang='lat' dir='ltr'><strong><em>Graecum</em></strong></span> <span class='ocrx_word' id='word_1_243' title='bbox 491 3659 544 3700; x_wconf 84' lang='lat' dir='ltr'><strong>VII.</strong></span> <span class='ocrx_word' id='word_1_244' title='bbox 979 3653 996 3701; x_wconf 82' lang='lat'>4</span> 
     </span>
    </p>
   </div>
   <div class='ocr_carea' id='block_1_5' title="bbox 0 0 1344 4002">
    <p class='ocr_par' dir='ltr' id='par_1_7' title="bbox 0 0 1344 4002">
     <span class='ocr_line' id='line_1_33' title="bbox 0 0 1344 4002; baseline 0 0"><span class='ocrx_word' id='word_1_245' title='bbox 0 0 1344 4002; x_wconf 95' lang='lat' dir='ltr'><strong><em> </em></strong></span> 
     </span>
    </p>
   </div>
  </div>
 </body>
</html>
