2668 4002
467 223 514 275 ιιι,
534 221 821 291 [Δααοτοιιαιιτη
1105 219 1146 281 41

11 414 30 466 ρ
143 379 204 443 οὐκ
224 379 394 464 ἐξήρκεσεν
413 382 536 458 αὐτοῖς·
556 379 626 446 ἀλλ’
646 381 893 459 ἐπεισελθόντες
911 385 958 458 είς
976 385 1012 447 τὸ
1027 385 1150 466 χωρίον
1170 397 1184 444 2

18 523 24 557 τ
142 482 293 570 (γεωργῶ
325 483 361 552 δέ
387 491 470 569 πρὸς
491 498 536 575 τῷ
562 487 753 575 ἱπποδρόμῳ
776 486 830 552 καὶ
855 490 933 553 οἰκῶ
957 485 1090 552 ἐνταῦθ’
1114 485 1150 552 ἐκ

142 595 327 676 μειρακίου)
354 606 485 675 πρῶτον
512 590 573 678 μὲν
602 592 653 658 ἐπὶ
676 597 753 670 τοὺς
776 593 900 671 οἰκέτας
923 588 1021 680 ᾖξαν,
1048 593 1092 669 ὡς
1114 589 1145 658 δ’

10 732 29 772 ,ι
143 693 237 763 οὗτοι
255 700 496 782 διαφεύγουσιν
513 699 632 776 αὐτοὺς
646 697 699 763 καὶ
713 700 812 776 ἀλλος
825 700 907 785 ἀλλη
923 699 1150 782 ἀπεχώρησαν,

15 843 26 896 '5‘
144 803 300 880 ἐλθόντες
326 807 408 888 πρὸς
434 807 495 889 τήν
523 808 631 870 οἰκίαν
658 803 712 870 καὶ
741 805 934 889 ἐκβαλόντες
955 808 1016 888 τὴν
1038 807 1149 888 θύραν

9 937 22 987 γ
143 911 205 993 τήν
227 912 275 987 εἰς
296 913 354 975 τὸν
377 921 482 993 κῆπον
504 910 673 995 φέρουσαν
696 912 843 994 Εὔεργός
865 911 900 975 θ’
924 911 941 976 6
966 911 1108 995 ἀδελφὸς
1131 910 1148 977 6

144 1019 322 1101 Θεοφήμου
353 1015 407 1081 καλ
439 1019 676 1099 Μνησίβουλος
708 1017 726 1082 6
758 1018 915 1100 κηδεστής
947 1016 1067 1098 αὐτοῦ,
1099 1007 1149 1092 οἷς

11 1170 19 1200 ,.
142 1123 302 1206 οὐδεμίαν
325 1124 421 1205 δίκην
445 1123 609 1206 ὠφλήκειν
632 1119 711 1187 ούδέ
733 1132 897 1207 προσῆκεν
917 1122 1037 1198 αὐτοὺς
1055 1123 1148 1186 ἀπτε-

12 1272 15 1306 ;
142 1235 224 1293 σθαι
247 1240 313 1294 τῶν
336 1228 424 1310 ἐμῶν
448 1229 595 1310 οὐδενός,
621 1231 827 1305 εἰσελθόντες
849 1226 902 1293 ἐπὶ
925 1230 985 1311 τὴν
1008 1227 1149 1310 γυναῑκά

8 1378 15 1400 ν,
142 1358 208 1418 μου
231 1333 285 1399 καὶ
307 1335 348 1399 τὰ
365 1335 492 1416 παιδία,
515 1331 753 1419 ἐξεφορήσανθ’
772 1331 821 1399 6'6’
841 1331 892 1399 ἔθ’
910 1334 1074 1400 ὑπόλοιπά
1093 1356 1149 1417 μοι
1169 1350 1184 1397 3

7 1487 13 1522 ,ι
142 1437 185 1524 ἦν
215 1443 313 1525 σκεύη
344 1440 380 1505 ἐν
409 1449 447 1526 τῇ
477 1443 574 1526 οἰκίᾳ.
620 1439 725 1528 ᾤοντο
755 1436 816 1524 μέν
846 1441 908 1524 γὰρ
939 1440 980 1505 ού
1007 1449 1148 1505 τοσαῦτα

143 1551 248 1630 μόνον
277 1549 456 1629 λήψεσθαι,
485 1546 567 1611 ἀλλά
595 1552 706 1633 πολλῶ
729 1550 846 1630 πλείω,
874 1548 935 1630 τήν
958 1547 1020 1630 γὰρ
1044 1541 1148 1611 οὖσάν

143 1657 203 1736 μοί
229 1675 305 1718 ποτε
336 1654 541 1735 κατασκευὴν
567 1661 624 1736 τῆς
650 1654 754 1728 οἰκιάς
781 1655 1041 1736 καταλήψεσθαι·
1074 1646 1144 1716 ἀλλ’

142 1759 207 1824 ὑπὸ
231 1770 297 1824 τῶν
320 1764 535 1841 λειτουργιῶν
557 1756 611 1822 καὶ
634 1769 701 1823 τῶν
724 1760 889 1842 εἰσφορῶν
912 1755 967 1822 καὶ
990 1767 1045 1841 τῆς
1067 1759 1149 1838 πρὸς

142 1865 227 1946 ὑμᾶς
254 1867 440 1947 φιλοτιμίας
462 1864 501 1928 τά
524 1859 585 1945 μέν
609 1861 747 1948 ἐνέχυρα
769 1875 872 1927 κεῖται
895 1863 1020 1945 αὐτῶν,
1049 1865 1088 1928 τά
1112 1860 1148 1928 δέ

142 1967 310 2053 πέπραται.
357 1968 419 2034 ὅσα
447 1966 475 2033 δ’
504 1965 545 2052 ήν
574 1965 625 2034 ἔθ’
652 1970 833 2051 ὑπόλοιπα,
859 1969 965 2034 πάντα
993 1972 1149 2052 λαβόντες

142 2074 276 2162 ᾤχοντο.
322 2077 404 2158 πρὸς
426 2071 464 2139 δέ
486 2075 630 2157 τούτοις,
654 2071 679 2139 ὦ
704 2076 822 2160 ἀνδρες
845 2076 1010 2157 δικασταί,
1034 2079 1147 2160 ἔτυχεν
1166 2091 1181 2138 4

142 2181 162 2263 ή
191 2183 275 2263 γυνή
306 2204 371 2264 μου
398 2183 477 2264 μετὰ
500 2193 566 2245 τῶν
588 2182 731 2245 παιδίων
755 2178 908 2263 ἀριστῶσ’
931 2181 968 2246 ἐν
991 2191 1029 2266 τῇ
1053 2183 1148 2266 αὐλή,

142 2285 197 2351 καὶ
227 2283 296 2370 μετ’
325 2286 424 2370 αὐτῆς
453 2290 549 2370 τίτθη
579 2310 627 2362 τις
657 2286 717 2370 ἐμή
745 2286 905 2370 γενομένη
934 2287 1148 2372 πρεσβυτέρα,

143 2394 321 2477 ἀνθρωπος
354 2393 472 2468 εὔνους
504 2391 558 2456 καὶ
589 2394 687 2476 πιστή
719 2392 773 2457 καὶ
801 2392 960 2478 ἀφειμένη
990 2393 1148 2478 ἐλευθέρα

141 2497 207 2563 ὑπὸ
230 2509 290 2563 τοῦ
312 2500 433 2580 πατρὸς
455 2508 514 2564 τοῦ
538 2497 628 2581 ἐμοῦ.
665 2497 835 2586 συνῴκησε
854 2497 884 2564 δ’
903 2498 1012 2583 ἀνδρί,
1035 2500 1148 2585 ἐπειδὴ

143 2603 266 2689 ἀφείθη
286 2603 457 2687 ἐλευθέρα
482 2604 526 2680 ὡς
544 2600 580 2668 δέ
599 2599 696 2680 οὗτος
714 2603 859 2670 ἀπέθανε
878 2603 931 2669 καὶ
951 2606 1032 2690 αὐτή
1048 2618 1149 2690 γραῦς

142 2705 185 2793 ήν
214 2707 268 2774 καὶ
298 2710 359 2774 οὐκ
387 2705 430 2794 ήν
460 2709 563 2792 αὐτὴν
593 2709 610 2776 6
640 2709 794 2794 θρέψων,
824 2710 986 2794 ἐπανῆκεν
1013 2713 1056 2788 ῶς
1085 2712 1148 2796 ἐμέ.

143 2814 324 2898 ἀναγκαῖον
348 2809 410 2880 οὖν
431 2816 476 2898 μή
497 2816 658 2899 περιιδεῖν
677 2815 799 2892 ἐνδεεῖς
818 2818 915 2891 όντας
933 2820 1011 2900 μήτε
1030 2823 1148 2902 τίτθην
1169 2834 1184 2881 ο

143 2920 327 3004 γενομένην
354 2923 433 3004 μήτε
460 2922 685 3002 παιδαγωγόν·
716 2921 782 3004 ἅμα
805 2917 842 2986 δέ
865 2919 919 2985 καὶ
942 2936 1149 3008 τριηραρχῶν

144 3024 307 3108 ἐξέπλεον,
330 3027 411 3091 ὥστε
435 3025 489 3091 καλ
511 3035 549 3110 τῇ
573 3024 705 3109 γυναικὶ
728 3027 914 3113 βουλομένη
933 3023 975 3110 ήν
994 3031 1148 3112 τοιαύτην

144 3135 299 3217 οἰκουρὸν
323 3130 393 3214 μετ’
415 3132 514 3215 αὐτῆς
536 3155 575 3215 με
597 3137 797 3197 καταλιπεῖν.
830 3131 1040 3218 ἀριστώντων
1064 3133 1093 3200 δ’
1112 3134 1149 3200 ἐν

143 3249 182 3324 πή
206 3238 300 3322 αύλή,
324 3239 367 3313 ὡς
390 3237 630 3320 ἐπεισπηδῶσιν
654 3233 746 3302 οὗτοι
767 3235 821 3302 καί
839 3241 1149 3323 καταλαμβάνουσιν

144 3345 245 3421 αύτδις
267 3343 321 3408 καὶ
343 3344 488 3427 ἥρπαζον
511 3344 550 3406 τὰ
569 3344 681 3426 σκεύη,
704 3345 741 3408 αἰ
757 3341 817 3428 μὲν
836 3345 931 3409 ἀλλαι
950 3346 1148 3428 θεράπαιναι

145 3449 197 3534 (ἐν
218 3459 263 3537 τῷ
287 3451 403 3537 πύργῳ
426 3450 488 3532 γάρ
511 3444 608 3531 ήσαν,
631 3445 732 3531 οὗπερ
756 3449 960 3534 διαιτῶνται)
985 3451 1028 3526 ὡς
1050 3452 1147 3533 ήκου-

145 3571 207 3620 σαν
234 3564 394 3638 κραυγῆς,
421 3558 567 3620 κλείουσι
590 3557 648 3620 τὸν
670 3556 815 3639 πύργον,
842 3554 896 3620 καὶ
919 3555 1064 3621 ἐνταῦθα
1087 3553 1183 3640 μένε
