2668 4002
181 144 225 208 26
526 148 572 199 v1.
591 147 849 198 Πλυντεεεοε.

183 307 235 370 δεῖ
256 329 294 389 με
319 315 380 371 σοῦ
403 308 636 388 βασιλεύοντος
659 305 695 370 ἐν
719 306 854 390 Σπάρτη
877 303 932 369 καὶ
955 315 1112 380 νικῶντος
1136 301 1189 385 έγ-

182 415 381 494 καταβιῶναι
410 412 542 488 ταύταις
564 423 633 487 ταῖς
656 422 856 495 συμφοραῖς,
884 410 904 493 ῆ
928 412 1041 492 λαβεῖν
1064 408 1189 492 ἐσθῆτα

182 517 334 601 λαμπράν
358 516 412 582 καὶ
435 519 625 601 βασιλικήν,
650 516 830 583 ἐπιδοῦσαν
852 515 917 581 ὑπὸ
941 525 1003 580 σοῦ
1025 517 1084 581 τὸν
1107 536 1189 597 παρ-

182 621 298 688 θένιον
328 625 433 707 ἀνδρα
461 626 703 709 φονευόμενον;
733 623 768 699 ὃς
795 625 826 687 εί
853 625 896 706 μῆ
923 624 1128 704 παραιτεῖταί
1152 638 1189 685 σε

183 725 266 813 μηδὲ
283 733 394 794 πείθει
412 728 535 794 τέκνων
554 728 609 794 καὶ
623 731 778 812 γυναικὸς
793 729 943 813 δάκρυσι,
961 724 1189 813 χαλεπωτέραν

183 834 203 918 ῆ
235 837 275 899 σὺ
306 836 419 919 βούλει
451 836 547 918 δίκην
576 833 689 919 ὑφέξει
719 844 775 917 τῆς
804 839 1036 918 κακοβουλίας,
1066 832 1189 897 ἐπιδὼν

150 958 165 1004 5
185 936 240 1024 ἐμὲ
259 941 319 1024 τῆν
337 940 497 1024 φιλτάτην
517 940 603 1028 αὐτῷ
623 947 935 1025 προαποθανοῦσαν.
967 943 1032 1004 τίνι
1051 939 1114 1022 γάρ
1133 934 1189 1022 ἐμὲ

185 1047 238 1110 δεῖ
264 1049 320 1128 ζῆν
347 1050 513 1132 παρρησίᾳ
541 1049 622 1130 πρὸς
649 1048 705 1122 τὰς
732 1048 832 1122 ἀλλας
860 1057 1032 1128 γυναῖκας,
1061 1037 1082 1130 ᾖ
1110 1047 1189 1127 μήτε

184 1149 259 1235 παρ’
287 1151 409 1234 ἀνδρὸς
438 1150 577 1236 δεομένῃ
605 1154 683 1235 μήτε
711 1153 798 1237 παρδι
826 1153 947 1232 πατρὸς
973 1154 1062 1228 ἔλεός
1085 1150 1190 1228 ε’στιν;

185 1256 267 1321 ἀλλά
299 1255 353 1321 καὶ
382 1258 466 1340 γυνη
494 1255 548 1322 καὶ
576 1258 726 1341 θυγάτηρ
754 1268 949 1342 συνατυχεῖν
977 1254 1030 1320 καὶ
1058 1275 1191 1321 συνατι-

151 1364 344 1447 6μάξεσθαι
374 1374 442 1439 τοῖς
470 1363 608 1446 ἐμαυτῆς
635 1362 804 1446 ε’γενόμην.
849 1364 954 1449 τούτῳ
983 1358 1043 1446 μέν
1071 1357 1132 1428 οὖν
1160 1365 1193 1427 εί

185 1472 243 1534 καί
258 1492 306 1545 τις
324 1464 366 1552 ἦν
386 1473 483 1552 λόγος
502 1468 675 1553 εύπρεπῆς,
697 1468 760 1551 ἐγὼ
779 1479 898 1534 τοῦτον
916 1468 1100 1554 ἀφειλόμην
1117 1471 1191 1534 τότε

187 1573 240 1640 σοὶ
277 1573 550 1651 συνεξετασθεῖσα
587 1572 641 1638 καλ
677 1576 991 1658 καταμαρτυρήσασα
1027 1586 1094 1638 τῶν
1124 1574 1191 1640 ὑπὸ

185 1681 304 1745 τούτου
328 1677 529 1764 γενομένων·
554 1683 594 1744 σὺ
619 1675 655 1744 δέ
679 1679 766 1766 αὐτῷ
791 1682 827 1745 τὸ
852 1679 993 1764 ἀδίκημα
1016 1692 1119 1756 ποιεῖς
1137 1681 1190 1744 εύ-

188 1789 409 1868 απολόγητον,
439 1785 524 1850 οὕτω
557 1784 638 1869 μέγα
668 1785 722 1850 καὶ
749 1787 969 1870 περιμάχητον
996 1785 1192 1869 ἀποφαίνων

186 1893 222 1955 τὸ
249 1891 452 1974 βασιλεύειν,
480 1892 561 1956 ὥστε
591 1889 634 1956 δι’
662 1891 741 1956 αὐτὸ
768 1890 822 1956 καὶ
845 1894 1013 1975 γαμβροὺς
1034 1892 1192 1974 φονεύειν

185 1993 239 2060 καὶ
263 1995 387 2061 τέκνων
410 1995 541 2080 ἀμελεῖν
565 1993 649 2061 εἶναι
675 1996 825 2061 δίκαιον.’

151 2120 165 2168 ῖ
246 2099 294 2166 Ἡ
312 2098 372 2185 μὲν
398 2101 538 2178 Χιλωνὶς
561 2113 694 2167 τοιαῦτα
717 2101 923 2186 ποτνιωμένη
946 2105 983 2166 τό
1006 2125 1039 2166 τε
1062 2105 1190 2184 πρόσω-

185 2229 249 2273 πον
277 2205 329 2272 ἐπὶ
358 2208 418 2290 τὴν
445 2210 592 2292 κεφαλῆν
621 2206 758 2291 ἐπέθηκε
786 2218 846 2273 τοῦ
874 2211 1108 2291 Κλεομβρότου
1136 2206 1191 2272 καὶ

184 2312 221 2378 τὸ
251 2312 379 2397 βλέμμα
408 2313 655 2398 διεφθαρμένον
685 2313 738 2378 καὶ
769 2316 963 2397 συντετηκὸς
992 2313 1057 2377 ὑπὸ
1087 2315 1192 2396 λύπης

151 2422 399 2502 επεριῆνεγκεν
425 2421 472 2495 είς
498 2421 574 2496 τοὺς
601 2420 773 2501 παρόντας.
820 2421 837 2486 ὁ
862 2417 898 2484 δὲ
922 2419 1092 2495 Λεωνίδας
1120 2421 1191 2482 δια-

186 2524 316 2609 λεχθεὶς
344 2537 413 2603 τοῖς
441 2529 550 2608 φίλοις
579 2527 637 2590 τὸν
667 2521 728 2608 μὲν
759 2529 991 2610 Κλεόμβροτον
1021 2523 1191 2589 έκέλευσεν

185 2629 370 2696 ἀναστάντα
398 2633 551 2715 φεύγειν,
579 2639 634 2714 τῆς
663 2628 699 2694 δέ
725 2633 842 2708 παιδὸς
870 2631 981 2715 μένειν
1009 2631 1113 2697 ε’δεῖτο
1136 2631 1191 2696 καὶ

185 2738 229 2820 μὴ
262 2742 451 2802 καταλιπεῖν
484 2735 602 2802 ἑαυτὸν
632 2737 718 2801 οὕτω
748 2743 909 2821 φιλοῦντα
939 2735 993 2802 καλ
1024 2739 1191 2802 δεδωκότα

150 2861 165 2906 ο
186 2842 282 2927 χάριν
301 2844 362 2926 τῆν
380 2853 439 2908 τοῦ
458 2842 580 2926 ἀνδρὸς
598 2841 679 2925 αὐτῆ
699 2846 872 2925 σωτηρίαν.
908 2842 948 2906 οὐ
967 2844 1192 2926 μῆνέπεισεν,

185 2945 257 3012 ἀλλ’
284 2946 488 3036 ἀνισταμένῳ
516 2957 560 3034 τῷ
591 2944 687 3029 ἀνδρὶ
715 2947 859 3029 θάτερον
886 2958 953 3012 τῶν
975 2950 1117 3013 παιδίων
1140 2947 1156 3012 ἐ
1177 2988 1192 2998 -

185 3056 369 3138 χειρίσασα,
397 3054 540 3136 θάτερον
570 3049 598 3118 δ’
626 3051 836 3136 ἀναλαβοῦσα
859 3051 910 3116 καὶ
936 3055 1192 3138 προσκυνήσασα

184 3162 244 3224 τὸν
270 3162 383 3242 βωμὸν
411 3170 470 3225 τοῦ
497 3166 580 3226 θεοῦ
609 3158 828 3242 συνεξῆλθεν,
858 3159 956 3240 ὥστε,
986 3161 1016 3223 εί
1037 3160 1080 3244 μῆ
1104 3159 1191 3224 πάνυ

186 3263 429 3349 διεφθαρμένος
451 3261 493 3348 ῆν
515 3266 580 3330 ὑπὸ
603 3274 699 3348 κενῆς
722 3263 819 3348 δόξης
838 3265 855 3329 ὁ
875 3267 1115 3347 Κλεόμβροτος,
1138 3267 1191 3330 εύ-

185 3372 311 3455 τύχημα
343 3369 385 3434 ἀν
417 3369 560 3452 ἡγήσατο
590 3371 650 3452 τῆν
679 3370 792 3452 φυγὴν
822 3370 909 3455 αὑτῷ
940 3379 997 3451 τῆς
1025 3373 1193 3453 βασιλείας

185 3480 295 3561 μεῖζον
318 3472 403 3540 εἶναι
427 3477 481 3540 διὰ
504 3477 564 3558 τῆν
588 3486 737 3556 γυναῖκα.
