2668 4002
186 93 230 157 50
508 96 591 150 XIIb.
611 97 873 152 ΔΗΜΟΣΘΕΝΗΣ.

187 253 218 332 έξ
255 254 356 340 ἀρχῆς
390 259 493 341 ἔχθρα
527 256 582 322 καλ
613 257 652 321 τά
681 255 924 340 προσκρούματ’
955 256 1085 322 ἐκεῖθεν
1117 256 1211 340 ἡμῖν

187 359 327 443 συνέβη,
356 360 387 438 ἐξ
411 356 457 427 ὧν
481 356 527 447 δ’,
550 361 742 427 ἀκούσεσθε.
788 366 902 428 ἐπινον
926 360 1078 428 ἑκάστοθ’
1102 358 1214 428 οὗτοι

186 467 246 548 τήν
260 465 398 551 ἡμέραν,
413 467 525 551 ἐπειδή
539 466 663 553 τάχιστ’
676 467 898 553 ἀριστήσειαν,
912 467 1005 551 ὅλην,
1014 465 1069 533 καὶ
1082 465 1215 549 τοῦθ’,

110 590 111 594 ’
187 569 248 648 ἕως
266 593 327 656 περ
347 568 429 657 ήμεν
449 573 485 638 έν
499 582 537 658 τή
552 583 695 660 φρουρᾷ,
714 572 884 638 διετέλουν
897 584 1077 650 ποιοῦντες.
1102 573 1218 658 ἡμεῖς

188 674 234 760 δ’,
262 678 370 763 ὥσπερ
395 674 512 744 ἐνθάδ’
534 679 726 762 εἰώθειμεν,
754 679 839 744 ούτω
864 681 1022 762 διήγομεν
1045 677 1098 744 καὶ
1125 679 1216 758 ἔξω.
1311 701 1312 704 ’

152 782 229 866 τήν
258 779 319 848 οὖν
348 785 633 850 δειπνοποιεῖσθαι
659 795 728 861 τοῖς
755 786 868 862 ἀλλοις
893 786 983 869 ὥραν
1007 790 1218 869 συμβαίνοι,

187 890 309 972 ταύτην
333 888 374 953 ἀν
396 891 459 973 ήδη
483 887 659 978 παρρόνουν
678 885 782 974 οὗτοι,
804 892 844 954 τά
863 886 923 974 μὲν
942 888 1037 956 πόλλ’
1053 893 1100 967 εἰς
1118 895 1218 968 τοὺς

188 996 307 1071 παῖδας
329 995 422 1079 ήμῶν
444 999 522 1072 τοὺς
544 996 763 1078 ἀκολούθους,
784 1000 999 1073 τελευτῶντες
1022 993 1132 1061 δὲκαὶ
1155 1005 1218 1074 εἰς
1309 1011 1311 1040 ¹

188 1099 272 1184 ἡμᾶς
304 1101 432 1176 αὐτούς.
483 1104 645 1186 φήσαντες
676 1103 738 1187 γὰρ
771 1104 938 1181 καπνίζειν
967 1102 1087 1179 αὑτοὺς
1115 1103 1215 1181 ὀψο·
1309 1184 1310 1187 ¹

188 1205 408 1290 ποιουμένους
430 1211 507 1284 τοὺς
525 1209 643 1283 παῖδας
661 1207 681 1293 ή
700 1219 806 1285 κακῶς
825 1207 945 1291 λέγειν,
968 1209 986 1273 ό
1004 1233 1035 1273 τι
1053 1209 1214 1294 τύχοιεν,

189 1314 328 1377 ἔτυπτον
348 1309 402 1377 καὶ
421 1314 477 1389 τὰς
496 1311 614 1397 ἀμίδας
632 1314 937 1379 κατεσκεδάννυσαν
955 1312 1009 1379 καὶ
1028 1313 1214 1397 ἀσελγείας

188 1416 243 1483 καὶ
270 1418 399 1501 ὕβρεως
426 1415 498 1482 οὐδ’
521 1419 633 1484 ὁτιοῦν
656 1418 841 1485 ἀπέλειπον.
887 1419 1028 1504 δρῶντες
1051 1417 1081 1484 δ’
1104 1419 1212 1504 ἡμεῖς
1310 1413 1311 1416 ’

189 1533 289 1588 ταῦτα
308 1521 362 1587 καὶ
382 1524 595 1607 λυπούμενοι,
617 1526 654 1589 τὸ
673 1521 734 1608 μὲν
753 1536 884 1608 πρῶτον
903 1524 1129 1618 ἐμεμψάμεθα,
1153 1527 1211 1603 ὡς
1310 1579 1311 1594 ι

190 1627 220 1692 δ’
244 1627 416 1713 ἐχλεύαζον
439 1628 522 1712 ήμᾶς
544 1628 598 1694 καὶ
623 1630 682 1695 οὐκ
706 1630 878 1714 ἐπαύοντο,
901 1639 946 1716 τῷ
970 1640 1139 1718 στρατηγῶ
1160 1635 1207 1698 τὸ

189 1731 310 1820 πρᾶγμ’
330 1740 464 1818 εἴπομεν
483 1744 578 1820 κοινή
597 1737 715 1812 πάντες
734 1737 769 1802 οί
781 1739 930 1802 σύσσιτοι
944 1740 1206 1822 προσελθόντες,
1309 1787 1310 1796 ,

155 1841 252 1906 κούκ
284 1840 346 1924 ἐγὼ
377 1853 442 1906 τῶν
473 1843 583 1906 ἀλλων
614 1842 684 1919 ἔξω.
737 1842 992 1926 λοιδορηθέντος
1022 1840 1053 1907 δ’
1087 1843 1204 1920 αὐτοῖς

192 1948 319 2014 ἐκείνου
343 1946 398 2012 καὶ
421 1951 615 2024 κακίσαντος
638 1948 768 2031 αὐτούς,
792 1950 832 2014 οὐ
855 1953 959 2033 μόνον
982 1946 1058 2034 περὶ
1081 1943 1128 2013 ὧν
1152 1951 1206 2026 εἰς
1309 1975 1310 1986 ’

190 2055 274 2138 ἡμᾶς
301 2053 514 2138 ἠσέλγαινον,
542 2053 623 2119 ἀλλά
651 2053 705 2119 καὶ
728 2054 802 2138 περὶ
825 2049 872 2120 ὧν
896 2055 980 2131 ὅλως
1002 2053 1138 2120 ἐποίουν
1162 2054 1204 2119 ἐν

190 2170 235 2248 τῷ
270 2160 495 2247 στρατοπέδῳ,
527 2161 686 2225 τοσούτου
715 2159 854 2244 ἐδέησαν
881 2162 1073 2226 παύσασθαι
1101 2160 1121 2244 ή
1150 2163 1203 2225 αἰ·
1309 2175 1310 2178 ’

191 2274 394 2353 σχυνθήναι,
418 2263 509 2349 ὥστ’,
533 2265 645 2350 ἐπειδή
667 2271 792 2332 θᾶττον
816 2269 1071 2350 συνεσκότασεν,
1094 2266 1203 2344 εὐθὺς

191 2374 235 2449 ὡς
263 2374 353 2464 ἡμᾶς
378 2375 598 2458 εἰσεπήδησαν
628 2373 729 2459 ταύτῃ
756 2383 794 2458 τή
824 2371 959 2460 ἑσπέρᾳ,
991 2371 1046 2437 καὶ
1073 2375 1110 2437 τὸ
1138 2369 1202 2456 μέν

190 2492 321 2564 πρῶτον
344 2491 451 2556 κακῶς
474 2482 605 2562 ἔλεγον,
632 2485 845 2557 τελευτῶντες
868 2477 904 2543 δὲ
927 2477 982 2544 καὶ
1002 2478 1128 2561 πληγὰς
1147 2477 1202 2542 έν-

192 2585 319 2652 έτειναυ
344 2585 428 2669 ἐμοί,
453 2582 507 2648 καὶ
530 2585 693 2667 τοσαύτην
715 2588 863 2669 κραυγήν
881 2583 936 2650 καὶ
953 2587 1106 2668 θόρυβον
1124 2582 1202 2667 περὶ

192 2693 252 2775 τήν
272 2692 396 2774 σκηνήν
416 2689 586 2774 ἐποίησαν,
606 2689 687 2753 ὥστε
705 2689 759 2755 καὶ
777 2693 836 2756 τὸν
855 2692 1037 2775 στρατηγὸν
1053 2688 1203 2766 καὶτοὺς

191 2796 384 2882 ταξιάρχους
412 2795 525 2860 ἐλθεῖν
553 2793 608 2861 καὶ
636 2805 701 2859 τῶν
728 2798 837 2861 ἄλλων
864 2797 955 2873 τινάς
980 2806 1203 2880 στρατιωτῶν,

192 2905 284 2989 οἵπερ
316 2901 486 2968 ἐκώλυσαν
517 2898 621 2985 μηδὲν
651 2900 735 2985 ἡμᾶς
764 2901 942 2985 ἀνήκεστον
968 2907 1091 2967 παθεῖν
1119 2900 1198 2986 μηδ’

191 3009 311 3084 αὐτοὺς
334 3017 469 3091 ποιήσαι
492 3004 777 3092 παροινουμένους
798 3005 863 3072 ὑπὸ
886 3008 1021 3071 τούτων.

156 3133 171 3180 ε
262 3117 329 3178 Τοῦ
349 3109 385 3177 δέ
404 3113 594 3198 πράγματος
613 3114 659 3189 είς
677 3119 775 3177 τοῦτο
793 3113 1027 3195 προελθόντος,
1046 3111 1091 3188 ὡς
1105 3109 1195 3206 δεῦρ’

192 3221 435 3305 ἐπανήλθομεν,
457 3215 499 3302 ήν
517 3218 608 3302 ἡμῖν,
633 3209 705 3283 οἷον
724 3219 821 3300 είκός,
845 3216 880 3283 ἐκ
898 3218 1023 3282 τούτων
1043 3217 1126 3302 ὀργή
1146 3216 1198 3283 καὶ

191 3332 294 3414 ἔχθρα
321 3328 404 3410 πρὸς
432 3325 603 3407 ἀλλήλους.
649 3321 690 3388 ού
717 3324 783 3406 μήν
806 3325 907 3406 ἔγωγε
931 3323 975 3407 μά
998 3326 1075 3400 τοὺς
1097 3327 1199 3400 θεοὺς

190 3433 284 3522 ᾤμην
308 3433 379 3498 δεῖν
403 3433 478 3497 ούτε
502 3431 598 3512 δίκην
621 3434 733 3515 λαχεῖν
754 3429 864 3504 αὐτοῖς
883 3429 957 3494 ούτε
978 3430 1078 3508 λόγον
1098 3441 1198 3495 ποιεῖ-
