2668 4002
209 157 253 222 66
544 163 602 215 XV.
619 162 881 216 ΔΗΜΟΣΘΕΝΗΣ.

210 321 308 385 δῦσαι
331 318 581 404 ἐβουλεύσαντο.
626 321 644 387 δ
668 317 728 404 μὲν
752 316 814 387 οὖν
831 318 1062 405 Ἡγέστρατος,
1084 322 1128 396 ώς
1150 319 1213 386 ἀπὸ

209 433 266 506 τῆς
292 435 352 508 γῆς
378 425 508 509 ἀπῆραν
532 429 628 492 δυοῖν
650 426 671 511 ή
694 438 796 507 τριῶν
817 427 948 510 ἡμερῶν
970 433 1092 504 πλοῦν,
1118 450 1213 490 κατα-

207 531 269 614 βὰς
295 540 352 613 τῆς
378 534 497 608 νυκτὸς
524 534 571 607 είς
593 536 710 615 κοίλην
733 543 817 596 ναῦν
843 532 990 597 διέκοπτε
1014 542 1074 599 τοῦ
1095 535 1214 597 πλοίου

207 636 383 721 τοῦδαφος.
428 636 541 702 οὑτοσί
565 635 610 721 δ’,
625 638 679 714 -ώς
701 634 801 703 οῦδὲν
823 637 931 720 εἰδώς,
953 639 1022 702 ἀνω
1044 638 1125 721 μετὰ
1147 648 1213 702 τῶν

207 741 318 806 ἄλλων
346 741 509 825 ἐπιβατῶν
537 741 709 826 διέτριβεν.
755 745 868 827 ψόφου
896 738 933 806 δέ
960 741 1140 825 γενομένου
1164 745 1213 806 αί-

210 847 392 912 σθάνονται
415 849 450 912 οί
470 847 506 912 ἐν
529 857 574 936 τῷ
598 853 715 936 πλοίςο,
739 849 789 913 ὅτι
811 852 913 913 κακόν
935 871 966 912 τι
990 847 1027 912 ἐν
1045 851 1139 932 κοίλη
1157 845 1213 930 νηὶ

173 969 190 1017 3
208 953 367 1036 γίγνεται,
389 951 444 1018 καὶ
466 957 631 1036 βοηθοῦσι
655 953 750 1018 κύτω.
796 954 840 1029 ὡς
863 949 893 1018 δ’
915 945 1064 1036 ἡλίσκεθ’
1085 950 1213 1035 δἩγέ-

210 1075 347 1142 στρατος
369 1057 423 1123 καὶ
447 1060 542 1142 δίκην
566 1059 685 1123 δώσειν
708 1059 928 1143 ὑπελάμβανε,
952 1059 1067 1142 φεύγει
1089 1045 1144 1123 καὶ
1162 1057 1178 1122 έ
1199 1099 1212 1106 -

210 1166 409 1248 διωκόμενος
432 1163 538 1248 ῥίπτει
561 1164 663 1229 αὑτὸν
680 1166 728 1240 είς
744 1166 806 1247 τήν
823 1165 1001 1246 θάλατταν,
1025 1165 1212 1248 διαμαρτὼν

210 1267 247 1336 δὲ
273 1279 332 1336 τοῦ
360 1268 483 1352 λέμβου
510 1270 565 1334 διὰ
588 1272 625 1335 τὸ
648 1266 743 1334 νύκτ’
764 1265 849 1335 εἶναι
872 1269 1042 1353 ἀπεπνίγη.
1089 1269 1212 1345 ἐκεῖνος

209 1372 270 1459 μὲν
289 1371 350 1441 οὖν
370 1377 484 1458 οὕτως,
506 1376 617 1458 ὥσπερ
636 1374 726 1453 ἀξιος
743 1371 797 1459 ἦν,
815 1377 913 1453 κακός
930 1387 1035 1452 κακῶς
1054 1375 1212 1456 ἀπώλετο,

209 1480 230 1546 δ
243 1484 320 1557 τοὺς
333 1483 454 1558 ἀλλους
468 1481 683 1566 ἐπεβούλευσε
698 1491 842 1564 ποιησαι,
856 1491 957 1546 ταῦτα
970 1481 1090 1546 παθὼν
1104 1481 1211 1558 αὐτός.

175 1585 322 1652 εούτοσὶ
353 1585 400 1669 δ’,
428 1587 446 1653 δ
476 1590 636 1662 κοινωνὸς
666 1581 775 1652 αὐτοῦ
797 1586 851 1652 καὶ
881 1590 1055 1671 συνεργός,
1082 1589 1121 1653 τὸ
1149 1583 1211 1671 μὲν

208 1703 352 1776 πρώτον,
370 1693 414 1769 ὡς
432 1689 533 1758 οὐδὲν
551 1693 647 1767 είδὼς
666 1690 737 1756 ἀλλ’
756 1692 1016 1777 ἐκπεπληγμένος
1034 1691 1088 1757 καὶ
1102 1692 1210 1770 αὐτός.

209 1799 320 1862 ἔπειθε
342 1801 401 1863 τὸν
423 1796 555 1886 πρῳρέα
573 1799 627 1862 καί
646 1801 723 1874 τοὺς
740 1800 862 1875 ναύτας
879 1800 926 1875 είς
944 1802 1001 1864 τὸν
1020 1796 1142 1882 λέμβον
1161 1797 1210 1863 ἐκ·

208 1906 337 1988 βαίνειν
355 1900 409 1968 καὶ
428 1903 588 1968 ἐκλείπειν
606 1904 666 1986 τὴν
685 1914 769 1968 ναῦν
788 1905 848 1987 τήν
865 1909 1032 1990 ταχίστην,
1055 1905 1099 1980 ώς
1117 1903 1209 1970 ἀνελ-

208 2013 326 2074 πίστου
343 2018 401 2091 τῆς
419 2014 579 2092 σωτηρίας
597 2011 697 2094 οὔσης
712 2007 765 2074 καὶ
780 2010 1046 2094 καταδυσομένης
1059 2020 1116 2093 τῆς
1128 2011 1210 2086 νεὼς

209 2115 323 2179 αὐτίκα
339 2114 437 2198 μάλα,
455 2111 514 2198 ἵν’,
533 2115 613 2198 ὅπερ
629 2116 864 2199 διενοήθησαν,
881 2113 970 2181 τοῦτ’
988 2115 1209 2199 ἐπιτελεσθείη

208 2218 262 2285 καὶ
285 2220 305 2302 ἡ
328 2231 410 2298 ναῦς
432 2221 585 2286 ἀπόλοιτο
608 2219 664 2286 καὶ
686 2222 725 2285 τὰ
749 2219 920 2305 συμβόλαι’
944 2221 1209 2304 ἀποστερήσαιεν.

174 2345 189 2390 5
209 2325 382 2411 ἀποτυχών
412 2323 448 2391 δὲ
476 2328 610 2408 τούτου,
629 2325 694 2417 ,καὶ
721 2337 781 2392 τοῦ
802 2325 880 2409 παρ’
900 2327 993 2410 ήμῶν
1016 2325 1211 2411 ἐμπλέοντος

209 2431 468 2507 ἐναντιωθέντος
485 2430 539 2496 καὶ
557 2443 626 2507 τοϊς
643 2433 778 2509 ναύταις
795 2435 948 2516 μισθούς,
967 2434 999 2497 εέ
1012 2434 1210 2497 διασώσαιεν

208 2539 269 2621 τήν
291 2547 388 2620 ναῦν,
410 2538 571 2620 μεγάλους
589 2536 878 2621 ἐπαγγειλαμένου,
902 2542 1065 2621 σωθείσης
1082 2540 1129 2614 είς
1147 2540 1210 2602 Κε-

137 2638 139 2642 ’
208 2647 394 2727 φαλληνίαν
416 2652 473 2726 τῆς
495 2643 577 2718 νεὼς
600 2644 655 2706 διὰ
678 2646 755 2718 τοὺς
776 2647 878 2719 θεοὺς
900 2644 1039 2727 μάλιστά
1062 2667 1115 2726 γε,
1141 2639 1210 2708 εἶτα

208 2746 262 2812 καὶ
281 2749 336 2812 διὰ
355 2749 499 2831 τὴντῶν
516 2759 648 2812 ναυτῶν
666 2747 796 2832 ἀρετήν,
818 2750 918 2814 πάλιν
936 2749 1016 2832 μετὰ
1034 2760 1100 2814 τῶν
1113 2751 1209 2812 Μασ-

209 2859 378 2919 σαλιωτῶν
400 2865 466 2918 τῶν
488 2863 548 2919 τοῦ
561 2847 783 2937 Ἡγεστράτου
805 2860 948 2920 πολιτῶν
972 2855 1015 2938 μὴ
1034 2859 1210 2919 καταπλεῖν

204 2957 362 3044 Ἀθήναζε
385 2960 422 3024 τὸ
440 2965 558 3024 πλοῖον
577 2961 721 3044 ἔπραττε,
745 2957 850 3042 λέγων
869 2959 913 3036 ώς
930 2959 1028 3035 αὐτός
1045 2983 1079 3024 τε
1098 2958 1210 3025 καὶτὰ

208 3062 342 3152 χρήματ’
366 3063 493 3130 έκεῦθέν
518 3063 586 3128 ἐστι
610 3071 658 3142 [sc.
678 3091 712 3128 ex
729 3091 797 3144 agro
816 3072 993 3141 Massiliensi]
1017 3062 1072 3130 καὶ
1094 3065 1112 3131 δ
1131 3068 1209 3130 ναύ-

174 3177 328 3254 6κληρος
350 3176 400 3254 εἴη
422 3169 476 3234 καὶ
500 3171 536 3234 οί
555 3171 779 3248 δεδανεικότες
801 3175 1048 3236 Μασσαλιῶται.
1090 3170 1210 3236 ἀποτυ-

208 3279 276 3362 χὼν
308 3273 345 3342 δὲ
376 3275 430 3341 καὶ
461 3276 597 3357 τούτου,
628 3274 683 3341 καὶ
714 3287 781 3340 τῶν
812 3275 983 3361 ἀρχόντων
1012 3286 1078 3340 τῶν
1107 3274 1144 3339 ἐν
1170 3285 1210 3360 τῇ

210 3386 422 3468 Κεφαλληνίᾳ
452 3384 602 3463 γνόντων
626 3375 784 3466 Ἀθήναζε
816 3383 877 3465 τήν
908 3391 993 3446 ναῦν
1023 3385 1211 3456 καταπλεῖν,

209 3489 352 3569 ὅθενπερ
381 3487 528 3572 ἀνήχθη,
555 3486 595 3552 δν
622 3484 695 3553 οὐδ’
723 3485 765 3551 ἀν
793 3478 838 3562 εἷς
866 3486 978 3551 ε’λθεῑν
1005 3484 1087 3572 ᾤετο
1110 3487 1210 3570 δεῦρο
