2668 4002
446 234 493 284 xl.
513 230 800 302 [ιιιιιοτοεωιεη
1086 227 1130 294 45

123 391 331 475 διηγησάμην
354 392 465 468 αὐτοῖς
487 394 614 457 ἅπαντα
636 394 675 458 τά
694 396 867 476 γενόμενα,
889 395 949 475 τήν
967 388 994 456 τ’
1018 390 1130 476 ἄφιξιν

122 499 184 580 τήν
210 499 353 580 τούτων,
380 497 435 562 καὶ
463 501 524 582 τήν
549 499 684 565 εὔνοιαν
707 509 763 582 τῆς
785 499 982 581 ἀνθρώπου,
1009 495 1064 562 καὶ
1087 499 1130 574 ὡς

122 597 214 687 εἶχον
238 603 341 688 αὐτήν
365 604 401 670 ἐν
424 614 462 688 τῇ
486 607 589 692 οἰκίᾳ,
611 604 666 670 καὶ
689 607 733 682 ὡς
755 607 810 670 διὰ
833 609 870 671 τὸ
894 608 1047 688 κυμβίον,
1070 604 1130 669 οὐκ

122 707 269 792 ἀφιεῖσα,
291 711 523 792 τελευτήσειεν.
562 710 761 789 ἀκούσαντες
784 711 824 776 δέ
843 736 908 796 μου
928 712 963 776 οί
979 708 1130 792 ἐξηγηταὶ

121 812 212 879 ταῦτ’
242 817 363 901 ήροντό
393 840 448 900 με,
477 820 617 902 πότερον
645 818 869 901 ἐξηγήσωνταί
894 841 949 901 μοι
978 819 1082 900 μόνον
1109 815 1130 899 ἢ

121 918 178 985 καὶ
212 923 512 1006 συμβουλεύσωσιν.
559 922 822 1007 ἀποκριναμένου
855 922 895 987 δέ
925 946 989 1006 μου
1019 921 1131 998 αὐτοῖς
1152 936 1182 984 17

122 1026 304 1111 ἀμφότερα,
328 1025 421 1094 εἶπόν
445 1053 500 1113 μοι
524 1028 628 1113 εήμεῖς
649 1035 764 1096 τοίνυν
788 1045 840 1094 σοι
864 1030 903 1093 τά
926 1025 986 1112 μὲν
1009 1031 1131 1111 νόμιμα

122 1133 366 1218 ἐξηγησόμεθα,
394 1136 433 1199 τὰ
461 1130 497 1199 δὲ
525 1135 679 1219 σύμφορα
706 1132 959 1218 παραινέσομεν·
1000 1145 1131 1219 πρῶτον

122 1236 186 1322 μὲν
213 1238 400 1323 ἐπενεγκεῖν
425 1241 508 1323 δόρυ
533 1238 584 1305 ἐπὶ
607 1249 645 1325 τῇ
669 1240 794 1326 ἐκφορᾷ
817 1239 871 1304 καὶ
894 1241 1131 1325 προαγορεύειν

123 1343 178 1410 ε’πὶ
200 1354 245 1432 τῷ
270 1348 423 1429 μνήματι,
447 1351 480 1409 εί
499 1370 546 1422 τις
568 1348 744 1429 προσήκων
768 1345 836 1411 ἐστὶ
859 1355 915 1428 τῆς
938 1345 1131 1426 ἀνθρώπου,

122 1454 234 1516 ἔπειτα
257 1453 294 1516 τὸ
318 1460 429 1535 μνῆμα
451 1451 629 1535 φυλάττειν
653 1450 704 1516 ἐπὶ
728 1463 815 1535 τρεῖς
832 1451 962 1535 ἡμέρας.
998 1451 1075 1516 τάδε
1095 1445 1131 1514 δὲ

123 1557 396 1641 συμβουλεύομέν
423 1574 488 1622 σοι·
521 1556 632 1641 ἐπειδή
660 1557 758 1633 αὐτὸς
785 1553 846 1641 μὲν
874 1559 914 1622 ού
937 1554 1132 1640 παρεγένου,

122 1664 143 1747 ἡ
169 1660 206 1728 δὲ
228 1665 313 1748 γυνή
336 1662 389 1728 καὶ
412 1664 452 1727 τά
474 1664 606 1745 παιδία,
634 1664 728 1728 άλλοι
753 1662 792 1728 δέ
813 1681 865 1729 σοι
889 1665 1049 1748 μάρτυρες
1072 1661 1132 1726 ούκ

123 1773 223 1835 εἰσίν·
249 1768 406 1852 ὀνομαστὶ
430 1766 490 1852 μὲν
514 1768 629 1853 μηδενὶ
653 1771 903 1855 προαγορεύειν,
924 1781 993 1845 τοῖς
1015 1769 1131 1853 δεδρα-

123 1879 199 1941 κόσι
223 1872 260 1940 δὲ
282 1877 337 1940 καί
360 1879 538 1958 κτείνασιν,
561 1871 630 1940 εἶτα
652 1879 734 1961 πρὸς
757 1879 814 1942 τὸν
838 1875 973 1960 βασιλέα
992 1876 1035 1959 μή
1055 1880 1131 1958 λαγ-

124 1982 246 2067 χάνειν.
284 1976 362 2046 οὐδὲ
386 1982 448 2064 γάρ
473 1980 575 2067 ἐντῷ
600 1985 691 2070 νόμῳ
715 1984 783 2047 ἐστι
808 1999 872 2048 σοι·
896 1981 937 2046 οὐ
960 1982 1021 2066 γάρ
1044 1980 1132 2045 ἐστιν
1152 1998 1184 2046 18

124 2088 162 2152 ἐν
190 2085 277 2169 γένει
306 2105 358 2153 σοι
385 2086 406 2170 ἡ
430 2088 608 2172 άυθρωπος
630 2083 709 2151 οὐδὲ
732 2088 932 2170 θεράπαινα,
963 2086 996 2165 ἐξ
1020 2081 1067 2151 ὧν
1089 2089 1131 2152 σὺ

125 2193 244 2276 λέγεις·
268 2194 304 2259 οί
324 2188 361 2258 δὲ
384 2196 480 2277 νόμοι
503 2195 630 2258 τούτων
655 2193 735 2274 [scil.
760 2185 810 2270 οἷς
833 2192 869 2258 ἐν
893 2191 980 2276 γένει
1005 2192 1092 2257 ἐστὶν
1111 2193 1132 2277 ή

124 2300 325 2384 θεράπαινα]
349 2299 520 2363 κελεύουσι
544 2301 603 2382 την
623 2298 738 2376 δίωξιν
757 2294 854 2364 εἶναι·
879 2296 954 2363 ὥστ’
976 2301 1008 2363 εί
1025 2300 1135 2383 διομεῖ

126 2404 179 2470 ἐπὶ
210 2405 387 2492 Παλλαδίῳ
417 2405 514 2481 αὐτὸς
544 2403 598 2469 καὶ
627 2404 647 2488 ή
676 2406 760 2488 γυνή
788 2403 842 2469 καὶ
870 2405 909 2468 τά
937 2405 1051 2469 παιδιά
1078 2407 1132 2469 καί

125 2509 344 2596 καταράσεσθ’
377 2511 488 2587 αὑτοῖς
519 2509 573 2576 καὶ
604 2520 643 2594 τῇ
676 2513 778 2598 οἰκίᾳ,
811 2514 929 2596 χείρων
960 2534 994 2575 τε
1028 2511 1133 2588 δόξεις

125 2622 262 2693 πολλοῖς
283 2613 380 2697 εἶναι,
402 2617 464 2682 κάν
483 2613 544 2701 μὲν
562 2616 717 2702 άποφύγη
736 2615 780 2700 σ’,
805 2615 1051 2702 ἐπιωρκηκέναι,
1074 2616 1132 2682 ἐὰν

127 2722 158 2788 δ’
181 2723 270 2810 έλης,
299 2726 474 2806 φθονήσει.
510 2720 580 2788 ἀλλ’
604 2719 686 2808 ὑπὲρ
711 2733 850 2789 σεαυτοῦ
873 2720 927 2788 καὶ
950 2732 1007 2806 τῆς
1029 2725 1133 2799 οίκίας

127 2829 398 2915 ἀφοσιωσάμενος
421 2831 464 2906 ὡς
487 2829 591 2916 ῥᾷστα
613 2830 674 2912 τήν
698 2831 872 2914 συμφοράν
896 2829 1026 2913 φέρειν,
1049 2831 1132 2915 άλλη
1259 2857 1262 2864 ’

128 2936 158 3002 δ’
175 2943 208 3001 εί
217 2957 262 3022 πη
276 2937 401 3018 βούλει,
415 2933 583 3019 τιμωροῦ.’
601 2932 690 3000 ταῦτ’
707 2935 848 3012 ἀκούσας
863 2934 926 3018 ἐγὼ
940 2947 1007 3000 τῶν
1020 2934 1132 3020 έξηγη-
1154 2952 1184 2999 19

127 3055 194 3108 τῶν
208 3041 263 3107 καὶ
277 3045 354 3118 τοὺς
369 3045 492 3126 νόμους
507 3041 763 3124 ἐπισκεψάμενος
776 3045 853 3116 τοὺς
867 3051 926 3106 τοῦ
941 3041 1133 3124 Δράκοντος

129 3151 164 3215 ἐκ
187 3159 244 3232 τῆς
266 3151 395 3231 στήλης,
419 3149 642 3231 ἐβουλευόμην
661 3137 823 3230 μετὰτῶν
842 3147 1002 3230 φίλων,-ὅ
1022 3170 1051 3210 τι
1071 3150 1132 3231 χρή

129 3279 166 3339 με
186 3265 302 3321 ποιεῖν.
336 3255 632 3336 συμβουλευόντων
649 3251 688 3316 δέ
700 3276 755 3334 μοι
770 3252 880 3334 ταύτά,
899 3252 919 3316 ἃ
934 3252 1132 3336 ἐξηγήσαντό

129 3385 185 3444 μοι
199 3362 235 3426 οί
246 3360 409 3442 ἐξηγηταί,
428 3358 447 3423 ἃ
462 3356 523 3442 μὲν
537 3353 619 3440 ὑπὲρ
634 3368 690 3440 τῆς
705 3360 810 3433 οίκιάς
823 3357 968 3440 προσῆκέ
981 3382 1036 3442 μοι
1051 3368 1133 3444 πρᾶ-

130 3467 192 3549 ξαι,
203 3465 349 3546 ἐποίησα,
365 3461 424 3528 ἅδ’
440 3463 551 3528 ἐκτῶν
561 3467 673 3546 νόμω-υ
685 3462 792 3528 οὐκέτι
803 3486 858 3547 μοι
868 3473 1044 3548 προσῆκεν,
1053 3465 1132 3547 ἡσυ-

130 3577 202 3658 χίαν
217 3567 315 3656 εἶχον.
339 3571 379 3636 ού
390 3571 451 3653 γάρ
463 3570 566 3645 οὕτως
575 3571 712 3646 τούτους
721 3581 817 3653 μισῶ,
832 3570 875 3646 ὡς
885 3568 1026 3654 ἐμαυτὸν
1036 3577 1131 3656 φιλῶ.
