2668 4002
410 149 466 201 xv.
485 147 746 200 Λνυοεοεειιε.
1042 140 1084 203 65

79 310 173 381 ίαες
206 306 391 390 δραχμαῖς,
413 305 452 382 ἃς
475 305 598 372 δέδωκε
623 315 667 393 τῷ
691 305 891 393 διδασκάλῳ,
913 295 1081 368 κελεύσατ’
1104 315 1136 361 ss

75 413 151 475 τὸν
185 411 335 488 διδάξαι
353 410 448 494 ὑμᾶς,
471 410 491 494 ἢ
511 412 555 488 ὡς
572 413 612 476 τά
630 407 767 496 χρήματ’
789 410 850 476 οὐκ
869 412 988 492 ἔλαβον
1006 402 1082 487 παρ’

75 528 157 599 ῶν,
181 515 210 598 ἢ
236 517 284 592 ὡς
302 519 459 600 λαβόντες
478 517 741 599 ἀποδεδώκασιν,
759 516 779 600 ἢ
799 517 847 580 ὅτι
862 516 919 591 τὰς
931 512 1085 588 ναυτικάς

76 622 271 705 γγραφάς
295 621 336 686 οὐ
359 622 412 686 δεῖ
431 626 546 707 κυρίας
568 618 663 688 εἶναι.
701 623 827 687 τούτων
847 620 1085 704 ὅτιβούλεται

76 728 212 792 ισάτω
242 726 342 810 ὑμᾶς·
387 725 443 791 καλ
470 731 572 810 ἔγωγε
596 725 651 792 καλ
674 727 773 802 αὐτὸς
795 735 953 810 συγχωρῶ
978 724 1085 806 σοφώ-

75 857 155 897 ῑτον
180 829 283 898 εἶναι
300 843 430 914 τοῦτον,
450 833 508 898 ἐὰν
525 833 611 918 ὑμᾶς
628 837 725 918 πείση
744 836 821 908 τοὺς
836 830 910 915 περλ
924 842 990 896 τῶν
1005 849 1084 912 συμ-

75 942 219 1004 ιλαίων
235 950 305 1002 τῶν
320 937 506 1021 ἐμπορικῶν
516 939 714 1017 δικάζοντας.
733 935 805 1003 ἀλλ’
820 933 856 1002 εὖ
871 933 951 1016 οἷδ’,
965 936 1014 1000 ὅτι
1030 934 1084 1001 οὐ-
1101 957 1104 966 ’

75 1069 107 1107 εν
120 1044 177 1108 ἂν
192 1045 331 1108 τούτων
344 1035 415 1120 ολός
428 1040 456 1108 τ’
468 1049 518 1127 εἴη
533 1039 630 1120 οὗτος
644 1044 718 1108 οὔτε
733 1043 863 1120 διδάξαι
877 1044 952 1107 οὔτε
966 1053 1084 1106 πεῖσαι.

81 1237 167 1300 XV.
202 1234 434 1302 Navieularius
460 1235 589 1317 quidam
608 1234 815 1300 Massiliensis
834 1258 947 1302 navem
964 1256 1054 1300 suam

333 1325 441 1389 dolose
465 1325 670 1412 submergere
694 1330 837 1390 conatur.

186 1497 190 1502 Δ
265 1424 354 1494 (Dsm.
373 1425 474 1478 XXXII
488 1433 583 1481 4-12.
621 1428 655 1481 ef.
675 1429 741 1481 fase.
761 1429 785 1480 Η
804 1447 830 1496 p.
848 1431 898 1496 10.)

138 1523 188 1576 De
218 1522 312 1576 usuris
341 1523 490 1577 maritimis
519 1524 552 1579 cf.
576 1543 603 1594 p.
629 1529 676 1589 583
704 1524 814 1578 solebat
843 1525 936 1577 autem
964 1521 991 1574 in
1016 1521 1082 1575 talis

75 1593 218 1649 »aetionis
226 1593 437 1648 eondieionibus
447 1595 518 1648 haee
528 1612 597 1664 esse,
605 1593 907 1663 utereditorpeeuniae
916 1593 1080 1647 solutionem

75 1666 249 1730 emitteret,
278 1663 302 1716 si
326 1664 406 1718 navia
433 1665 462 1718 in
485 1664 585 1719 itinere
607 1665 755 1734 naufragio
778 1665 904 1734 perisset.
928 1695 960 1704 —
985 1664 1011 1716 ls
1035 1662 1083 1731 qui

75 1751 191 1788 ausam
226 1737 297 1791 dieit
328 1735 477 1803 pecuniam
501 1736 648 1790 mercatori
680 1735 791 1789 cuidam
819 1735 936 1789 dederat
957 1743 1082 1787 mutuam

75 1823 101 1858 sa
126 1802 312 1871 condicione,
336 1810 369 1858 ut
387 1806 531 1873 Syracusis
550 1807 676 1860 Athenas
694 1809 863 1860 frumentum
881 1807 1083 1873 reportaretur3

75 1876 213 1930 itebatur
231 1878 326 1929 autem
344 1880 483 1931 mereator
500 1875 548 1929 ille
567 1893 638 1930 nave
657 1876 835 1931 Massiliensi.

144 1986 335 2068 Ζηνόθεμις
362 1985 491 2066 οὑτοσί,
519 1987 566 2050 ὢν
593 1986 754 2071 ὑπηρέτης
776 1983 996 2067 Ἡγεστράτου
1023 1994 1083 2050 τοῦ
1105 2006 1116 2052 1

76 2091 282 2171 ναυκλήρου,
304 2089 344 2153 ὃν
362 2091 481 2166 καύτὸς
499 2095 640 2174 ἔγραψεν
658 2091 696 2157 έν
714 2101 758 2177 τῷ
778 2090 964 2173 ἐγκλήματι,
985 2091 1028 2166 ῶς
1046 2089 1083 2157 ἐν

78 2206 121 2281 τῷ
153 2195 284 2277 πελάγει
313 2194 459 2261 ἀπώλετο
487 2197 497 2264 ί
500 2207 569 2273 πῶς
596 2194 641 2279 δ’,
669 2197 710 2262 οὐ
736 2196 980 2280 προσέγραψεν,
1007 2193 1077 2262 ἀλλ’

83 2301 147 2384 ἐγὼ
185 2300 332 2386 φράσω),
368 2301 510 2385 ἀδίκημα
543 2300 708 2368 τοιουτονὶ
740 2299 810 2386 μετ’
845 2302 972 2367 ἐκείνου
1005 2321 1082 2366 συν-

84 2405 287 2470 εσκευάσατο.
333 2403 471 2490 χρήματ’
497 2406 534 2471 έν
557 2418 627 2483 ταῖς
650 2409 878 2490 Συρακούσαις
901 2404 1078 2486 ἐδανείζεθ’

86 2509 182 2586 οὗτος
210 2509 363 2588 κάκεῖνος.
407 2512 574 2595 ὡμολόγει
605 2511 634 2577 δ’
662 2512 785 2589 ἐκεῖνος
811 2509 873 2596 μὲν
899 2516 981 2598 πρὸς
1006 2517 1081 2591 τοὺς

88 2619 191 2703 τούτῳ
214 2617 430 2696 δανείζοντας,
454 2624 487 2682 ελ
505 2643 553 2694 τις
576 2621 700 2700 ε’ροιτο,
723 2619 845 2684 ένείναι
869 2633 962 2685 σῖτον
984 2620 1020 2685 έν
1043 2630 1081 2706 πή

91 2722 144 2806 νηὶ
175 2723 272 2809 τούτῳ
301 2724 424 2804 πολύν,
457 2718 553 2799 οὗτος
583 2721 618 2788 δὲ
647 2727 730 2807 πρὸς
758 2728 835 2801 τοὺς
864 2725 992 2814 ἐκείνῳ,
1024 2729 1082 2794 τὸν

94 2833 193 2911 γόμον
214 2829 331 2892 οἰκεῖον
354 2831 441 2912 ἔχειν
460 2828 562 2894 αὐτὸν
580 2841 636 2914 τῆς
653 2832 747 2907 νεώς·
772 2831 819 2896 ὢν
838 2829 868 2896 δ’
888 2832 905 2897 ὁ
925 2829 985 2916 μὲν
1003 2835 1081 2898 ναύ-

96 2939 216 3016 κληρος,
237 2933 253 2999 ὁ
276 2931 305 2998 δ’
329 2927 498 3018 ἐπιβάτης,
517 2934 719 3001 ἐπιστεύοντ’
741 2939 873 3015 εἰκότως
896 2937 1008 3021 ἀπερλ
1026 2938 1081 3005 ἀλ-

99 3043 200 3122 λήλων
220 3041 335 3123 ἔλεγον.
372 3041 594 3123 λαμβάνοντες
618 3037 654 3106 δὲ
677 3044 716 3107 τά
738 3041 873 3128 χρήματ’
897 3039 1002 3110 οἴκαδ’
1022 3045 1116 3110 ἀπε

101 3146 238 3210 ἔστελλον
262 3147 308 3222 είς
334 3147 394 3228 τήν
418 3150 618 3212 Μασσαλίαν
640 3147 695 3213 καλ
719 3146 819 3215 οὐδὲν
843 3151 888 3225 είς
911 3151 971 3233 τήν
996 3160 1082 3217 ναῦν

102 3249 263 3334 εἰσέφερον.
307 3251 418 3317 οὐσῶν
442 3248 478 3317 δέ
501 3265 567 3318 τῶν
590 3266 808 3339 συγγραφῶν,
834 3256 941 3339 ὥσπερ
965 3257 1083 3321 εἰώθα-

105 3375 154 3423 σιν
173 3357 289 3440 ἀπασαι,
312 3364 475 3442 σωθείσης
493 3371 549 3443 τής
567 3362 649 3438 νεὼς
667 3361 849 3427 ἀποδοῦναι
867 3363 906 3426 τά
925 3365 1083 3446 χρήματα,

106 3459 146 3528 ἵν’
171 3460 407 3546 ἀποστερήσαιεν
436 3468 513 3540 τοὺς
537 3467 764 3548 δανείσαντας,
792 3468 852 3550 τήν
879 3477 964 3532 ναῦν
987 3492 1081 3534 κατα·

155 3575 280 3624 Florilegium
295 3575 405 3615 Graecum
421 3576 472 3616 vu,
905 3577 921 3623 5
