2668 4002
210 217 253 281 58
513 223 590 276 mv,
611 221 898 292 [numennumen]

209 379 247 443 τὸ
273 378 432 464 ὑμέτερον
461 380 569 445 αὐτῶν
597 386 735 466 χωρίον,
763 375 817 446 καὶ
844 381 923 464 ἡμῖν
950 384 1058 465 δήπού
1080 385 1117 448 τὸ
1139 381 1229 464 ἡμέ-

209 507 306 566 τερον
335 485 420 569 έξήν.
465 488 496 550 εί
518 485 548 550 δ’
572 487 589 552 δ
613 488 719 570 πατὴρ
743 487 761 552 ὁ
785 489 861 570 ἐμὸς
883 487 988 570 ήδίκει
1011 489 1229 572 περιοικοδο-

210 599 281 672 μῶν
299 590 395 674 ὑμᾶς,
414 590 468 656 καὶ
487 603 551 658 νῦν
570 593 662 676 ὑμεῖς
680 591 712 676 μ’
731 592 872 658 ἀδικεῖτε
888 594 1231 677 περιοικοδομοῦντες

159 716 189 764 19
210 695 326 772 οὕτως·
343 699 444 780 δῆλον
459 700 522 781 γάρ
536 699 587 763 ὅτι
602 700 755 783 μεγάλοις
769 703 878 775 λίθοις
892 697 1230 782 ἀποικοδομηθέντος

208 802 308 866 πάλιν
337 804 374 868 τὸ
403 804 496 886 ὕδωρ
527 805 573 879 είς
602 807 638 869 τὸ
669 803 748 886 ἐμὸν
777 804 846 886 ήξει
876 810 1015 889 χωρίον,
1044 801 1109 870 εἷθ’
1136 805 1228 869 ὅταν

208 909 289 993 τύχη
303 913 481 992 καταβαλεῖ
491 911 553 993 τήν
567 911 724 992 αίμασιδιν
740 909 1002 993 ἀπροσδοκήτως.
1030 907 1099 976 ἀλλ’
1115 906 1227 975 οὐδὲν

209 1019 335 1098 μᾶλλον
363 1014 488 1097 ἐγκαλῶ
516 1015 646 1090 τούτοις
673 1013 735 1096 ἐγὼ
765 1016 821 1079 διὰ
847 1025 959 1094 τοῦτο,
989 1015 1072 1079 ἀλλὰ
1094 1013 1225 1100 στέρξω

209 1120 269 1202 τήν
287 1121 389 1205 τύχην
407 1118 461 1184 καὶ
479 1118 649 1202 τάμαυτοῦ
662 1120 839 1204 φυλάττειν
852 1121 1057 1204 πειράσομαι.
1084 1118 1139 1185 καὶ
1152 1122 1223 1206 γάρ

209 1235 328 1291 τοῦτον
354 1226 540 1309 φράττοντα
564 1221 625 1308 μὲν
647 1226 687 1289 τά
711 1222 829 1291 ἑαυτοῦ
853 1237 1040 1309 σωφρονεῖν
1061 1226 1224 1310 ἡγοῦμαι,

210 1333 423 1415 δικαζόμενον
447 1330 487 1396 δέ
506 1355 562 1415 μοι
585 1333 812 1413 πονηρότατόν
830 1328 858 1394 τ’
878 1327 963 1395 εἶναι
982 1330 1035 1396 καὶ
1054 1333 1222 1415 διεφθαρ-

210 1435 311 1519 μένον
334 1437 398 1501 ύπὸ
421 1439 524 1502 νόσου
547 1439 678 1519 νομίζω.

338 1647 426 1712 XIV.
453 1647 595 1712 Fraudes
619 1650 821 1732 quorundam
844 1649 1089 1714 Phaselitamm.

524 1759 641 1832 ([I)em.]
660 1761 763 1817 XXXV
777 1768 873 1819 1-43.

282 1891 400 1946 Fenerat
401 1907 462 1944 ores
480 1890 665 1945 Athenienses
690 1895 891 1946 consueverant
913 1891 1061 1962 pecuniam
1084 1909 1164 1946 suam
1187 1893 1218 1946 in

210 1961 449 2045 negotiationibus
476 1960 626 2015 maritimis
654 1962 792 2016 collocare
820 1962 903 2017 certis
929 1963 1098 2031 quibusdam
1120 1965 1218 2018 eondi-

210 2033 346 2101 cicuitus,
361 2049 433 2103 quae
448 2036 528 2085 erant
541 2031 651 2113 legibus
666 2032 893 2102 circumscriptae
907 2033 1064 2103 (συγγραφὴ
1073 2033 1218 2114 ναοτικηῆι

210 2104 241 2158 in
263 2077 364 2173 quibris
384 2105 445 2157 erat
462 2101 609 2171 primaria,
632 2105 665 2156 ut
682 2103 776 2173 navis,
799 2120 871 2172 quae
889 2121 994 2158 merces
1014 2103 1217 2172 oppigneratas

212 2175 310 2228 Piraeo
333 2176 505 2254 exportaret,
528 2173 664 2241 coemptis
687 2175 771 2228 rebus
789 2174 931 2228 onerata
923 2193 953 2227 1n
970 2179 1082 2244 portum
1100 2174 1215 2231 rediret.

210 2245 278 2301 talis
297 2243 435 2314 pactionis
454 2243 611 2312 exemplum
630 2243 683 2298 hac
702 2244 828 2299 oratione
846 2245 1001 2301 exhibetur.

178 2411 190 2456 1
279 2385 388 2454 Οὐδὲν
411 2390 528 2453 καινὸν
551 2389 804 2470 διαπράττονται
828 2390 863 2453 ot
885 2384 1127 2472 Φασηλῖται,
1108 2413 1133 2453 ω
1157 2390 1218 2452 ἀν-

212 2499 288 2580 δρες
311 2498 472 2574 δικασταί,
496 2492 565 2559 ἀλλ’
589 2495 672 2576 άπερ
696 2495 864 2558 εἰώθασιν.
909 2490 1002 2560 οὗτοι
1024 2495 1087 2576 γάρ
1110 2495 1219 2559 δεινό-

210 2626 301 2666 τατοι
330 2599 391 2684 μέν
420 2603 483 2665 είσι
516 2601 733 2664 δανείσασθαι
761 2598 895 2684 χρήματ’
923 2599 960 2664 έν
986 2608 1031 2686 τῷ
1061 2597 1220 2687 ἐμπορίῳ,

212 2706 346 2771 ἐπειδδιν
370 2702 406 2770 ot
429 2705 554 2788 λάβωσι
578 2703 631 2769 καὶ
651 2706 846 2789 συγγραφήν
865 2705 1120 2788 συγγράψωνται
1137 2727 1219 2768 ναυ-

211 2813 317 2894 τικήν,
339 2811 443 2887 εὐθὺς
466 2810 668 2876 ἐπελάθοντο
691 2808 745 2876 καὶ
767 2822 831 2875 τῶν
857 2821 1058 2893 συγγραφῶν
1078 2807 1219 2874 καὶτῶν

176 2921 325 3003 κνύμων
351 2914 405 2982 καλ
433 2917 482 2982 ὅτι
511 2919 566 2982 δεῖ
586 2917 770 2982 ἀποδοῦναι
794 2916 930 2998 αύτούς,
957 2915 977 2980 δ
1001 2917 1136 2997 ἔλαβον,
1162 2914 1219 2980 καὶ

210 3030 350 3103 οἴονται,
366 3022 430 3088 έάν
454 3023 633 3102 ἀποδῶσιν,
655 3023 769 3105 ιίόσπερ
792 3034 858 3087 τῶν
882 3023 978 3087 ίδίων
1000 3045 1031 3085 τι
1053 3030 1120 3084 τῶν
1143 3017 1218 3086 ἔαυ-

211 3141 276 3195 τῶν
295 3128 549 3212 ἀπολωλεκέναι,
568 3127 639 3194 ἀλλ’
657 3127 732 3194 ἀντὶ
751 3137 810 3193 τοῦ
829 3127 1012 3193 ἀποδοῦναι
1031 3123 1213 3209 σοφίσμαθ’

211 3235 401 3321 εὑρίσκουσι
431 3231 484 3298 καὶ
513 3235 732 3317 παραγραφάς
761 3231 815 3297 καὶ
844 3232 1041 3316 προφάσεις,
1072 3227 1126 3294 καὶ
1153 3228 1218 3294 είσλ

211 3344 428 3424 πονηρότατοι
456 3338 644 3421 ἀνθρώπων
667 3335 721 3402 καὶ
746 3336 950 3402 ἀδικώτατοι.
986 3337 1162 3420 τεκμήριον
1180 3331 1218 3400 δὲ

212 3447 344 3510 τούτου·
376 3449 509 3510 πολλῶν
538 3445 601 3528 γάρ
632 3442 886 3527 ἀφικνουμένων
916 3444 963 3518 είς
991 3443 1028 3506 τὸ
1057 3439 1216 3525 ὑμέτερον

213 3551 370 3646 ἐμπόριον
397 3549 451 3622 καὶ
473 3548 642 3642 Ἑλλήνων
669 3547 723 3620 καὶ
752 3549 945 3639 βαρβάρων,
973 3551 1107 3632 πλείους
1129 3548 1214 3620 δίκαι
