2668 4002
471 195 541 246 xlv.
561 193 849 265 [ΔΗαοΣοαιιΗΣη
1116 194 1157 256 61

141 347 241 418 εἶναι
266 365 326 420 τοῦ
354 361 448 420 οίνου
471 351 732 437 καθισταμένην,
761 357 824 419 σὺν
845 365 914 431 τοῖς
936 353 1160 437 ἀναλώμασιν,

141 455 200 524 ὅό
233 462 299 525 ἔδει
328 459 565 526 ἀναλίσκεσθαι
594 462 641 536 είς
668 461 731 543 τήν
760 463 965 544 κατασκευήν
995 462 1055 544 τήν
1085 457 1160 543 περὶ

142 567 212 630 τὸν
237 561 342 632 οἶνον·
366 566 405 630 τὰ
429 562 466 629 δὲ
489 569 651 649 τρισχίλια
673 574 775 630 ταῦτα
797 567 935 649 κεράμια
954 568 1094 650 άγεσθαι
1113 567 1161 640 είς

143 673 212 736 τὸν
237 674 370 737 Πόντον
393 670 430 736 ἐν
452 680 490 756 τῇ
514 672 684 758 είκοσόρφ,
707 669 749 753 ἣν
763 666 936 754 Ὑβλήσιος
958 669 1160 754 ἐναυκλήρει.

144 775 333 860 γέγραπται
356 772 416 860 μὲν
438 774 527 841 ταῦτ’
551 775 587 842 έν
609 785 647 861 τῇ
672 785 857 860 συγγραφῇ,
880 773 906 842 ἀ
930 777 1048 860 ἀνδρες
1071 777 1161 840 δικα-
1182 793 1213 840 13

147 887 240 964 σταί,
263 878 301 966 ής
324 883 416 966 ὑμελς
438 881 608 967 ἀκηκόατε·
633 877 724 948 οὗτοι
743 880 773 947 δ’
794 881 868 947 ἀντὶ
886 894 953 948 τῶν
972 887 1161 968 τρισχιλίων

146 993 320 1074 κεραμίων
347 984 426 1054 οὐδὲ
452 992 649 1054 πεντακόσια
676 988 814 1071 κεράμια
841 991 887 1065 είς
908 991 948 1054 τὸ
968 993 1087 1054 πλοῖον
1110 987 1126 1053 ἐ
1147 1028 1161 1037 -

149 1093 290 1178 έθεντο,
319 1091 390 1159 ἀλλ’
419 1092 493 1159 ἀντὶ
525 1103 585 1160 τοῦ
616 1094 803 1178 ἠγοράσθαι
831 1095 944 1172 αὐτοῖς
969 1098 1028 1161 τὸν
1056 1091 1161 1178 οἶνον,

149 1201 237 1266 ὅσον
259 1211 414 1284 προσῆκε,
437 1212 505 1278 τοῖς
528 1203 690 1286 χρήμασιν
713 1199 855 1285 ἐχρῶντο
875 1201 893 1265 ὅ
912 1225 943 1266 τι
962 1201 1068 1266 ἐδόκει
1086 1202 1161 1266 τού-

149 1308 296 1389 τοις,τά
319 1303 357 1371 δὲ
379 1307 516 1389 κεράμια
538 1306 578 1369 τά
601 1310 763 1390 τρισχίλια
786 1303 859 1371 οὐδ’
883 1303 1063 1390 ἐμέλλησαν
1082 1303 1173 1372 οὐδὲ1

152 1414 382 1496 διενοήθησαν
411 1410 572 1477 ἐνθέσθαι
601 1413 649 1487 είς
677 1415 714 1477 τὸ
741 1416 860 1478 πλοῖον
887 1413 967 1477 κατὰ
994 1413 1054 1496 τήν
1083 1429 1161 1495 συγ-

151 1521 297 1604 κοινήν·

223 1622 309 1707 Περὶ
335 1619 396 1708 μέν
424 1619 485 1690 οὖν
512 1633 573 1689 τοῦ
595 1626 746 1708 πλήθους
769 1635 829 1690 τοῦ
851 1631 963 1708 οίνου,
990 1625 1070 1690 ὅσον
1094 1627 1161 1690 ἔδει
1181 1639 1213 1688 14

154 1731 277 1808 αὐτοὺς
308 1729 469 1796 ἐνθέσθαι
502 1732 548 1806 είς
578 1732 616 1795 τὸ
645 1735 782 1814 πλοίου,
814 1741 916 1796 ταῦτα
946 1731 1161 1814 διεπράξαντο

154 1834 210 1901 καὶ
237 1835 370 1920 ήρξαντ’
391 1836 494 1913 εὐθὺς
516 1835 674 1900 ἐντεῦθεν
697 1834 761 1901 ἀπὸ
783 1845 844 1902 τοῦ
866 1837 998 1920 πρώτου
1022 1860 1162 1920 γεγραμ-

156 1941 259 2025 μένου
277 1945 494 2025 παραβαίνειν
513 1939 568 2006 καὶ
586 1942 630 2024 μή
649 1953 757 2006 ποιεῖν
776 1943 815 2006 τά
834 1941 1052 2027 γεγραμμένα.
1082 1943 1161 2026 μετὰ

157 2044 194 2113 δὲ
216 2046 305 2113 ταῦτ’
332 2051 422 2112 ἔστιν
445 2046 482 2112 ἐν
503 2057 543 2132 τῇ
567 2056 753 2132 συγγραφῇ,
776 2047 827 2112 ὅτι
850 2046 1045 2113 ὑποτιθέασι
1067 2045 1157 2112 ταῦτ’

157 2153 316 2238 ἐλεύθερα
344 2150 398 2217 καὶ
426 2151 541 2218 οὐδενὶ
568 2149 668 2218 οὐδὲν
696 2153 899 2237 ὀφείλοντες,
926 2151 980 2218 καλ
1008 2153 1058 2217 ὅτι
1086 2151 1158 2218 οὐδ’

157 2258 420 2324 ἐπιδανείσονται
444 2256 497 2323 ἐπὶ
517 2259 647 2334 τούτοις
668 2255 744 2342 παρ’
768 2259 914 2336 οὐδενός.
951 2269 1052 2324 ταῦτα
1070 2260 1162 2344 διαρ-
1182 2275 1213 2323 15

157 2366 263 2451 ρήδην
281 2363 470 2450 γέγραπται,
489 2359 514 2429 ὦ
534 2366 652 2449 ἀνδρες
671 2367 829 2430 δικασταί.
862 2361 953 2431 οὗτοι
972 2360 1009 2429 δὲ
1027 2369 1062 2430 τί
1075 2364 1162 2430 ἐποί-

157 2488 254 2556 ησαν;
279 2470 498 2554 ἀμελήσαντες
519 2482 586 2534 τῶν
609 2469 843 2554 γεγραμμένων
866 2469 903 2534 έν
925 2479 963 2554 τῇ
988 2480 1161 2556 συγγραφῇ
1245 2497 1247 2502 ’

159 2580 360 2656 δανείζονται
386 2577 474 2660 παρά
501 2600 591 2652 τινος
617 2579 808 2658 νεανίσκου,
835 2575 1091 2659 ἐξαπατήσαντες
1118 2577 1162 2653 ὡς

160 2681 271 2748 οὐδενὶ
298 2678 398 2749 οὐδέν
426 2683 626 2767 ὀφείλοντες·
656 2679 710 2746 καὶ
732 2681 816 2764 ήμάς
837 2704 871 2746 τε
894 2682 1161 2766 παρεκρούσαντο

159 2787 212 2854 καὶ
239 2793 362 2854 ἔλαθον
390 2788 618 2871 δανεισάμενοι
647 2785 700 2851 έπλ
726 2800 795 2864 τοῖς
821 2785 1004 2871 ήμετέροις,
1033 2788 1160 2853 ἐκεῖνόν

160 2918 192 2960 τε
217 2897 276 2960 τὸν
302 2899 477 2960 νεανίσκον
504 2896 563 2959 τὸν
592 2890 779 2958 δανείσαντ’
805 2892 1009 2976 ἐξηπάτησαν
1037 2894 1081 2969 ὡς
1108 2888 1156 2958 ἐπ’

161 3000 345 3083 ἐλευθέροις
366 3012 435 3076 τοῖς
457 3003 598 3085 χρήμασι
623 3000 858 3082 δανειζόμενοι·
882 3009 1017 3064 τοιαῦτα
1034 2999 1161 3064 τούτων

162 3104 225 3171 ἐστὶ
240 3105 286 3171 τὰ
309 3107 570 3189 κακουργήματα.

222 3209 405 3296 Γέγραπται
434 3206 471 3274 δέ
500 3210 579 3294 μετὰ
606 3206 695 3275 ταῦτ’
724 3209 760 3274 έν
782 3218 820 3293 τῇ
845 3219 1034 3295 συγγραφή,
1058 3205 1083 3275 ὦ
1107 3212 1161 3275 ἀν·
1181 3229 1214 3276 16

162 3319 232 3402 δρες
251 3319 411 3396 δικασταί,
431 3315 564 3380 έπειδάν
584 3315 772 3380 ἀποδῶνται
787 3313 823 3380 έν
837 3325 881 3403 τῷ
897 3319 1018 3404 Πόντφ
1033 3315 1053 3380 ἀ
1067 3310 1161 3399 ήγον,

162 3425 256 3489 πάλιν
283 3422 514 3506 ἀνταγοράζειν
542 3424 689 3505 χρήματα
716 3419 769 3485 καὶ
798 3420 1083 3506 ἀντιφορτίζεσθαι
1107 3420 1161 3486 καὶ

162 3529 293 3614 ἀπάγειν
322 3525 479 3609 Ἀθήναζε
515 3528 554 3591 τά
591 3525 905 3612 ἀντιφορτισθέντα,
941 3525 995 3592 καὶ
1028 3526 1161 3593 ἐπειδᾶν
