2668 4002
200 103 273 280 40ι
528 223 575 272 ιιι.
596 217 883 288 [saucacorum]

201 377 313 459 ἐνδεὴς
332 380 390 462 dcv,
408 378 428 463 ἢ
444 380 644 461 Κλεώνυμος
661 377 847 462 ἐτελεύτησε
866 377 1051 464 θυγατέρας
1064 377 1211 461 ἀπορου-

201 483 300 567 μένας
321 486 521 568 καταλιπών,
543 484 639 568 ἡμεῖς
658 483 700 550 διν
719 486 774 550 διὰ
792 486 853 568 τὴν
872 483 1059 570 ἀγχιστείαν
1077 481 1211 548 καὶτὸν
1309 515 1310 527 ¹

200 590 333 654 πάππον
351 603 570 676 γηροτροφεῖν
589 591 842 674 ἠναγκαζόμεθα
860 588 914 655 καί
933 591 990 666 τάς
1003 589 1212 672 Κλεωνύμου

200 695 384 779 θυγατέρας
414 696 434 779 ἢ
464 699 579 775 λαβεῖν
610 695 704 761 αὐτοὶ
733 708 890 779 γυναῖκας
917 695 937 779 ἢ
964 693 1074 780 προῖκ’
1105 693 1212 759 ἐπιδι·

202 802 315 878 δόντες
342 800 464 887 ἑτέροις
491 802 676 885 ἐκδιδόναι,
704 801 757 867 καὶ
780 800 877 867 ταῦθ’
903 799 1062 885 ἡμᾶςκαὶ
1085 800 1105 882 η
1130 816 1212 883 συγ·
1310 791 1311 794 “

201 907 311 991 γένεια
338 906 392 973 καί
421 911 455 974 οί
479 912 576 991 νόμοι
600 905 653 972 καί
677 908 697 989 ἡ
720 905 796 992 παρ’
822 909 915 992 ὑμῶν
939 908 1077 991 αἰσχύνη
1099 915 1212 970 ποιεῖν

201 1015 383 1097 ἠνάγκαζεν
405 1016 459 1098 cv,
481 1013 502 1097 ἢ
525 1025 595 1090 ταῖςΙ
618 1017 784 1097 μεγίσταις
808 1017 933 1097 ζημίαις
955 1010 1008 1077 καὶ
1028 1024 1096 1088 τοῖς
1114 1011 1212 1096 ἐσχά-

151 1135 183 1182 21
203 1143 272 1196 τοις
294 1120 437 1185 ὀνείδεσι
459 1132 660 1198 περιπεσεῖν
698 1122 729 1184 εἰ
751 1117 781 1184 δ’
803 1118 899 1184 οὐσία
921 1123 1135 1203 κατελείφθη,
1159 1120 1211 1182 δί-

202 1249 297 1291 καιον
332 1223 492 1308 ἡγήσεσθ’
525 1220 612 1290 εἶναι
643 1227 762 1308 ταύτης
795 1223 926 1304 ἑτέρους
957 1225 1050 1308 ημῶν
1081 1229 1211 1308 μᾶλλον

202 1335 435 1415 κληρονομεῖν;
459 1329 520 1396 ούκ
543 1332 606 1413 ἄρα
630 1329 727 1395 δίκαι’
751 1326 823 1395 οὐδ’
846 1330 926 1414 ὑμῖν
949 1330 1061 1406 αὐτοῖς
1084 1329 1210 1414 συμφέ-

203 1430 291 1521 ροντ’
309 1431 387 1501 ούδδ
405 1447 473 1512 τοῖς
491 1439 606 1519 νόμοις
624 1437 873 1520 ὁμολογούμενα
889 1441 1081 1518 ψηφιεῖσθε,
1099 1438 1130 1500 εί
1141 1447 1210 1500 τῶν

203 1537 264 1625 μὲν
292 1553 472 1625 συμφορῶν
500 1544 576 1618 τοὺς
604 1541 768 1624 ἐγγυτάτω
796 1538 884 1623 γένει
912 1552 1085 1605 κοινωνεῖν
1109 1539 1208 1623 άναγ-

202 1646 331 1729 κάσετε,
358 1647 532 1731 χρημάτων
561 1643 597 1710 δέ
619 1644 907 1729 καταλειφθέντων
928 1647 1053 1722 πάντας
1075 1645 1206 1726 ἀνθρώ-

202 1773 284 1828 πους
306 1751 526 1838 κυριωτέρους
548 1751 568 1835 ἣ
591 1753 728 1828 τούτους
751 1755 911 1835 ποιήσετε.

300 1999 355 2064 XI.
383 1999 544 2064 Iniuriosa
565 2000 599 2064 in
623 2001 753 2065 domum
776 1999 931 2065 debitoris
956 1998 1103 2084 irruptio.

517 2121 618 2192 (ruem
621 2123 632 2192 ]
652 2121 751 2174 xuvu
769 2123 894 2191 ιιι-ιι.)

274 2243 468 2324 Theophsmus
497 2261 559 2298 cum
586 2243 664 2296 falsis
688 2243 791 2312 Euergi
815 2245 844 2296 et
866 2242 1017 2297 Mnesibuli
1038 2240 1209 2296 testimoniis

203 2315 374 2384 perfecisset,
394 2313 450 2368 ut
443 2331 467 2367 rs
487 2314 535 2381 qui
553 2314 638 2367 verba
652 2313 722 2368 facit
734 2313 854 2383 pecunia
868 2315 1042 2379 multaretur,
1051 2312 1209 2394 aliquanto

203 2388 268 2454 post
290 2385 368 2439 litem
394 2384 572 2438 aestimatam
595 2384 630 2437 ab
655 2389 707 2439 boc
730 2384 766 2437 ad
786 2383 977 2452 argentarium
994 2383 1089 2437 venire
1107 2383 1209 2451 iussus,

203 2458 236 2509 ut
241 2458 401 2536 pecuniam
422 2455 576 2525 acciperet,
599 2457 709 2508 tantum
729 2455 802 2509 afuit
820 2455 995 2523 utadosset,
1019 2456 1052 2507 ut
1070 2471 1132 2508 cum
1151 2425 1210 2506 illis’

205 2525 262 2579 suis
288 2525 460 2579 administris
479 2526 598 2650 pignora
617 2525 747 2594 capiendi
765 2542 852 2580 causa
869 2525 899 2578 in
918 2497 995 2580 bona¹
1011 2523 1145 2578 debitoris
1165 2523 1210 2577 sui

203 2599 418 2665 irrumperet-
432 2602 447 2662 ζ
465 2604 508 2650 16:
525 2593 658 2665 ἐξηγηταί
669 2599 735 2650 sunt
748 2599 804 2650 tres
818 2595 872 2650 viri
874 2595 944 2664 ‚qui
959 2596 1108 2654 sacraiura
1121 2595 1209 2648 inter-

203 2666 388 2736 pretabantur
411 2683 444 2720 ac
467 2667 502 2720 de
520 2667 631 2736 legibus
649 2666 795 2722 homicidii
813 2667 1039 2723 consulebantur
1077 2671 1155 2732 518:
1179 2664 1209 2718 in

202 2737 307 2792 iudicio
332 2732 378 2791 ἐπὶ
401 2739 551 2809 Παλλαδίῳ
579 2739 716 2805 agebatur
739 2740 774 2792 ds
796 2737 948 2792 homicidio
972 2754 1028 2791 non
1050 2734 1208 2791 voluntario

204 2811 233 2862 et
256 2808 290 2862 de
314 2807 400 2861 caedo
424 2793 565 2861 servoru'm
587 2809 632 2861 vel
654 2808 876 2878 peregrinorum,
900 2808 976 2878 quod
998 2810 1148 2875 utrumque
1172 2807 1209 2860 ad

202 2896 262 2934 rem
281 2880 434 2932 tractatam
453 2878 582 2945 quadrat.

170 3042 182 3087 1
271 3026 445 3107 Θεόφημος
467 3019 540 3086 ἀντὶ
564 3031 623 3087 τοῦ
646 3023 706 3104 τὴν
730 3022 908 3101 καταδίκην
931 3021 1111 3104 ἀπολαβεῖν
1134 3019 1209 3084 ἀκο-

204 3132 373 3211 λουθήσας
400 3125 453 3192 έπὶ
480 3128 541 3210 την
569 3126 743 3209 τράπεζαν,
771 3126 880 3190 ἐλθών
907 3149 972 3210 μου
1000 3127 1039 3190 τά
1062 3129 1210 3210 πρόβατα

203 3233 362 3318 λαμβάνει
398 3236 637 3317 ποιμαινόμενα
669 3234 872 3314 πεντήκοντα
903 3231 1034 3315 μαλακά
1065 3229 1119 3295 καί
1151 3233 1210 3296 τὸν

201 3339 341 3424 ποιμένα
368 3335 436 3423 μετ’
461 3339 571 3403 αὐτῶν
594 3336 647 3402 καὶ
670 3337 775 3401 πάντα
801 3335 989 3401 τάκόλουθα
1013 3344 1051 3421 τῇ
1075 3339 1209 3421 ποίμνη,

202 3449 310 3511 ἔπειτα
336 3445 438 3509 παῖδα
462 3446 619 3510 διάκονον
641 3443 762 3526 ὑδρίαν
786 3447 910 3527 χαλκῆν
933 3438 1131 3526 ἀποφέροντ’
1153 3440 1209 3506 ἀλ-

202 3555 336 3637 λοτριάν
363 3547 545 3637 ᾐτημένην,
572 3553 698 3614 πολλοῦ
726 3546 831 3625 ἀξίαν.
876 3545 930 3612 καὶ
958 3543 1048 3612 ταῦτ’
1077 3548 1209 3631 ἔχουσιν
