2668 4002
480 235 525 286 ιν.
544 233 806 285 nunozeeuun.
1102 228 1142 292 15

135 387 221 457 sivae
247 395 325 470 τοὺς
351 393 481 470 παῖδας·
518 390 618 458 οὐδὲν
646 395 708 476 γὰρ
738 394 843 469 οὕτως
869 395 1042 457 αἰδοῦνται
1065 391 1141 455 οὔτε

135 499 249 574 παῖδες
276 499 351 563 οὔτε
379 499 498 583 ἄνδρες
526 499 570 575 ὡς
591 502 669 575 τοὺς
692 501 862 583 ἄρχοντας.
909 499 952 575 ὡς
975 494 1013 562 δὲ
1036 494 1147 561 καὶεί
1163 514 1195 564 10

135 625 213 668 κοτε
245 602 358 688 μηδεὶς
387 605 481 689 τύχοι
510 604 595 689 ἀνὴρ
625 606 756 690 παρών,
788 602 863 688 μηδ’
895 603 938 680 ὣς
969 607 1082 687 ἔρημοι
1111 602 1146 666 oi

135 711 250 787 παῖδες
272 711 431 794 ἄρχοντος
453 706 533 794 εἷεν,
556 713 654 792 ἔθηκε
678 720 734 793 τῆς
759 715 829 792 ίλης
853 708 987 791 ἑκάστης
1010 711 1067 774 τὸν
1090 731 1143 771 το-

137 816 283 900 ρώτατον
310 827 376 880 τῶν
404 813 541 900 είρένων
569 818 698 899 θίρχειν·
731 817 812 880 ὥστε
841 814 998 880 οὐδέκοτε
1022 813 1090 878 ἐκεῖ
1110 813 1145 877 οί

136 925 250 1000 καῐδες
272 925 387 1006 ε”ρημοι
410 923 571 1006 ἄρχοντός
594 925 688 987 εἰσιν.

154 1133 210 1199 IV.
238 1133 306 1198 Nee
328 1133 456 1218 publice
479 1155 538 1198 nee
560 1134 716 1218 privatim
739 1134 867 1218 expedit
890 1134 977 1198 idem
999 1133 1124 1198 duobus

530 1252 600 1295 esse
623 1253 750 1295 nomen.

319 1342 409 1411 (Dem.
429 1341 545 1396 XXXIX
562 1348 657 1398 6-24.
685 1342 719 1397 ef.
738 1343 806 1398 fuso.
822 1343 847 1396 ll
865 1360 892 1411 p.
909 1345 962 1411 10.)

208 1445 344 1516 Montius,
372 1445 446 1500 filius
470 1445 636 1515 Mentithei‚
665 1447 714 1515 qui
741 1447 808 1517 pegi
834 1451 896 1502 erut
918 1446 1029 1502 Thorioi
1051 1446 1142 1500 tribus

138 1517 331 1571 Acumentidis
351 1523 376 1586 (ς
394 1521 444 1587 1ῑ),
464 1533 498 1572 ex
516 1516 576 1571 filie
591 1517 734 1586 Polyuruti
753 1519 841 1572 filium
858 1517 964 1587 genuit,
984 1517 1029 1571 eui
1041 1534 1143 1572 nomen

139 1591 200 1643 eret
222 1587 393 1657 Mentitheo‚
422 1605 485 1643 eum
514 1589 563 1656 qui
590 1590 677 1644 verbe
703 1589 784 1654 faoit3
814 1605 847 1642 ex
870 1587 1026 1642 concubine
1048 1590 1142 1642 eutem

137 1659 294 1728 Plangone‚
317 1659 433 1714 muliere
452 1658 620 1714 Atheniensi
643 1676 676 1714 ex
701 1659 778 1713 tribu
798 1658 1021 1728 Hippothontide
1044 1661 1070 1728 (ᾗ
1091 1665 1141 1727 let,

139 1730 208 1784 duos
230 1729 332 1783 hebuit
354 1729 439 1798 filios,
467 1730 604 1784 Boeotum
628 1733 657 1784 st
679 1728 869 1800 Pamphilum3
898 1730 949 1785 hos
974 1747 1037 1785 eum
1060 1728 1141 1784 initio

138 1800 210 1855 filios
233 1799 375 1869 legitimos
397 1817 454 1854 non
478 1799 654 1869 agnovisset,
676 1801 761 1870 poulo
785 1808 849 1854 ente
870 1805 989 1854 mortem
1007 1817 1087 1854 suem
1105 1800 1142 1854 ab

139 1871 179 1926 eis
203 1887 353 1939 eorumque
376 1873 478 1939 matre,
504 1871 607 1940 quibus
625 1869 774 1926 Mnesioles
798 1873 827 1925 et
844 1871 983 1926 Menecles
1008 1876 1034 1939 (5
1048 1875 1075 1938 8)
1098 1888 1142 1924 ιιι-

138 1941 321 1997 lumniutores
348 1940 528 1996 famosissimi
555 1942 690 2008 ederent,
717 1959 768 2012 per
796 1940 931 1996 iudicium
959 1943 1072 1996 coactus
1099 1945 1143 1997 est

139 2011 252 2066 nomine
274 2027 369 2066 eorum
387 2011 531 2081 Apaturiis
554 2011 584 2064 in
606 2012 720 2066 tabulas
744 2012 892 2082 gentilium
916 2029 1028 2066 suorum
1046 2029 1142 2067 curere

138 2083 284 2137 referende
307 2081 357 2147 (εἰς
379 2084 443 2144 τοὺς
465 2082 606 2153 φράτερας
629 2078 782 2153 ἐγγράφειν
805 2089 821 2150 ξ
843 2091 887 2142 14,
909 2087 1056 2139 ποιεῖσθαι
1074 2089 1089 2149 5
1108 2087 1142 2151 1).

139 2170 190 2208 nse
213 2170 278 2207 vero
304 2170 338 2207 es
362 2170 392 2207 re
414 2153 535 2207 Boeotus
561 2156 708 2207 contentus
736 2156 802 2224 post
828 2153 918 2223 petris
941 2157 1060 2208 mortem
1081 2154 1142 2220 ipse

139 2223 259 2292 curavit,
287 2226 319 2276 ut
342 2222 455 2278 nomine
477 2223 628 2278 Mentithei
650 2224 740 2278 indito
763 2223 794 2278 in
816 2225 929 2279 tebules
953 2223 1022 2294 pegi
1044 2223 1143 2278 civite

138 2297 251 2362 temque
268 2293 450 2363 reciperetur,
476 2312 538 2348 cum
557 2293 663 2349 diceret
680 2297 792 2364 petrem
810 2295 865 2348 sibi
884 2293 992 2350 decimo
1010 2297 1076 2363 post
1092 2312 1144 2348 ne-

140 2365 226 2418 talem
250 2363 296 2418 die
319 2363 432 2433 (δεκάτη
455 2370 536 2432 515,
560 2382 615 2433 quo
641 2364 685 2418 die
704 2363 823 2419 Athenis
841 2363 945 2418 infanti
963 2382 1064 2419 nomen
1082 2365 1143 2420 dari

140 2434 260 2502 solebat)
278 2433 332 2488 hoe
349 2451 451 2489 nomen
468 2434 616 2503 indidisse,
643 2438 704 2489 eret
723 2435 796 2489 enim
815 2438 884 2489 netu
903 2435 993 2488 meior
1010 2452 1143 2504 germano

139 2503 304 2558 Mentitheo.
341 2522 396 2572 que
414 2521 444 2559 re
463 2522 525 2558 oum
544 2506 579 2559 de
598 2505 758 2560 hereditate
776 2505 850 2560 inter
868 2506 969 2560 fratres
988 2509 1143 2561 controver-

141 2574 199 2629 siee
219 2577 319 2641 essent,
338 2592 356 2628 e
369 2575 525 2630 Mentitheo
545 2576 650 2630 citatus
669 2576 761 2631 noluit
779 2576 815 2630 ed
829 2575 966 2630 arbitrum
980 2577 1143 2646 (διαιτητής)

140 2646 246 2705 adesse.
262 2645 394 2713 quoniam
408 2645 456 2700 ille
466 2647 602 2700 Boeotum
617 2647 743 2715 aliquem
752 2645 876 2714 citasset,
885 2664 942 2700 non
952 2646 1034 2700 seoui
1043 2665 1144 2701 nomen

140 2718 215 2771 esset
232 2715 397 2771 Mentitheo.
433 2717 530 2784 egitur
548 2717 636 2786 igitur
653 2717 684 2770 in
701 2717 754 2770 huo
774 2734 859 2771 eausa
878 2717 913 2771 de
931 2718 1055 2785 nomine,
1078 2736 1144 2772 num

139 2785 239 2842 meiori
257 2786 411 2856 Plengonis
429 2787 487 2840 filio
505 2804 608 2841 nomen
625 2787 777 2842 Mentithei
795 2787 850 2842 sibi
868 2805 975 2843 sumere
993 2788 1086 2845 lieeet.

197 2929 267 2996 ⁸'On
285 2932 419 3006 δικαίως
437 2929 491 2996 καὶ
510 2931 694 3014 ἀναγκαίως
713 2935 832 3016 ἔλαχον
850 2932 910 3015 τὴν
925 2932 1034 3016 δίκην,
1051 2931 1139 2998 τοῦτ’
1165 2951 1176 2995 1

139 3039 202 3120 ἤδη
235 3035 338 3112 δείξω.
392 3035 454 3118 ἐγὼ
487 3037 548 3119 γὰρ
581 3037 641 3122 οὐχ
674 3037 760 3101 οὕτω
793 3037 901 3120 δήπου
933 3041 1046 3114 σκαιός
1077 3036 1140 3122 εἰμ’

139 3143 316 3226 ἄνθρακος
338 3139 409 3205 οὐδ’
433 3140 620 3225 ἀλόγιστος,
643 3143 725 3207 ὥστε
749 3153 816 3207 τῶν
839 3139 900 3226 μὲν
922 3141 1101 3230 πατρῴων,
1124 3145 1144 3210 ἃ

139 3243 232 3312 πάντ’
263 3245 323 3328 ἐμὰ
353 3244 516 3329 ἐγίγνετο,
550 3246 724 3332 ἐπειδήπερ
754 3247 930 3331 ἐποιήσατο
960 3249 1098 3326 τούτους
1127 3251 1144 3316 ὁ

139 3355 256 3436 πατήρ,
278 3351 560 3437 συγκεχωρηκέναι
583 3355 619 3418 τὸ
642 3357 755 3436 τρίτον
774 3356 953 3436 νείμασθαι
974 3352 1146 3440 μέροςκαὶ

140 3456 287 3540 στέργειν
314 3455 367 3521 ἐπὶ
394 3459 515 3546 τούτῳ,
542 3457 617 3540 περὶ
641 3457 671 3523 δ’
693 3459 855 3542 ὀνόματος
879 3463 1090 3545 ζυγομαχεῖν,
1117 3464 1148 3526 εἰ

139 3563 182 3645 μὴ
212 3565 248 3626 τὸ
281 3559 342 3645 μὲν
371 3564 455 3646 ἡμᾶς
485 3563 687 3647 μεταθέσθαι
716 3567 861 3649 μεγάλην
889 3565 1022 3650 ἀτιμίαν
1051 3569 1146 3652 ἔφερε
