2668 4002
181 191 223 257 18
520 197 565 248 IV.
584 195 847 250 ΔΗΜΟΣΘΕΝΗΣ.

180 355 326 439 τοῦνομα
348 353 394 438 χώ
417 355 523 437 πατὴρ
546 352 600 419 καὶ
623 353 643 436 ἡ
666 355 755 439 φυλῆ
778 352 832 419 καὶ
856 351 952 420 πάντ’
974 349 1129 442 η’χταύτάς
1152 358 1188 419 τί

181 458 227 543 δ’,
250 466 283 525 εί
301 484 393 537 τινας
415 461 570 544 είσφορδις
592 461 636 543 μῆ
659 464 750 544 θείης
775 465 810 525 τί
827 458 872 543 δ’,
895 467 929 525 εί
942 485 991 537 τις
1010 462 1091 544 άλλη
1111 459 1182 544 περὶ

180 567 325 650 τοῦνομα
348 563 487 650 γίγνοιτ’
507 565 527 649 ῆ
552 565 641 650 λῆξις
660 568 753 649 δίκης
770 565 791 649 ἢ
810 564 879 644 δόξ’
895 566 980 643 όλως
998 565 1114 650 ἀηδῆςς
1136 570 1186 644 τίς

180 678 300 737 εἴσεται
328 683 394 736 τῶν
417 676 564 754 πολλῶν,
591 675 728 756 πότερός
749 669 832 738 ποθ’
857 667 954 749 οὗτός
976 672 1060 755 ἐστι,
1088 674 1184 737 δυοῖν

129 796 160 842 11
179 777 389 843 Μαντιθέοιν
415 777 536 842 ταύτοῦ
558 779 680 857 πατρὸς
703 779 830 856 όντοιν;
858 776 948 863 φέρ’,
975 781 1006 843 εί
1029 774 1065 843 δὲ
1089 780 1184 861 δίκην

180 882 370 969 ἀστρατείας
391 885 522 969 φεύγοι,
544 885 676 969 χορεύοι
700 879 731 947 δ’
754 883 834 948 ὅταν
856 884 1091 968 στρατεύεσθαι
1110 882 1181 969 δέχῃ

75 986 233 1082 Οὲβζχξκαλ
265 990 328 1074 γάρ
360 999 441 1073 νῦν,
473 986 520 1054 ὅτ’
552 993 598 1067 είς
632 990 785 1074 Ταμύνας
816 995 991 1074 παρῆλθον
1019 991 1054 1055 οί
1078 991 1184 1072 άλλοι,

110 1095 149 1136 ³⁵⁰
183 1093 303 1160 ἐνθάδε
326 1099 403 1172 τοὺς
425 1105 503 1181 χοᾶς
525 1097 615 1179 ἀγων
635 1095 818 1180 ἀπελείφθη
837 1094 891 1161 καὶ
909 1108 978 1173 τοῖς
991 1099 1184 1170 Διονυσίοις

180 1205 374 1284 καταμείνας
406 1201 575 1286 ε’χόρευεν,
607 1202 651 1278 ὡς
683 1204 823 1279 άπαντες
854 1199 976 1286 ἑωρᾶθ’
1008 1202 1043 1267 oc
1073 1200 1181 1285 ἐπιδη-

180 1317 325 1389 μοῦντες.
362 1306 577 1373 ἀπελθόντων
601 1305 631 1372 δ’
654 1307 687 1386 ἐξ
709 1309 853 1391 Εὐβοίας
875 1320 941 1372 τῶν
965 1317 1183 1391 στρατιωτῶν,

180 1413 369 1490 λιποταξίου
400 1417 627 1499 προσεκλήθη,
658 1412 747 1496 κάγὼ
780 1413 961 1499 ταξιαρχῶν
992 1423 1049 1497 τῆς
1077 1417 1184 1497 φυλῆς

180 1520 408 1604 ἠναγκαζόμην
435 1521 515 1584 κατὰ
543 1519 744 1603 τούνόματος
768 1530 828 1585 τοῦ
852 1519 994 1604 ἐμαυτοῦ
1017 1522 1182 1605 πατρόθεν

129 1645 160 1693 12
181 1625 336 1711 δέχεσθαι
359 1627 420 1709 τῆν
441 1625 543 1710 λῆξιν.
585 1621 661 1690 εἷεν.
703 1628 732 1690 εί
755 1623 791 1690 δὲ
815 1625 921 1704 ξενίας
943 1630 1180 1710 προσκληθείη;

179 1736 314 1809 πολλοῖς
341 1728 377 1796 δὲ
403 1733 617 1817 προσκρούει,
645 1730 699 1796 καὶ
726 1730 766 1796 δν
793 1731 986 1816 ἠναγκάσθη
1014 1735 1137 1815 τρόπον
1164 1733 1182 1799 ὁ

179 1840 285 1925 πατὴρ
310 1840 512 1921 ποιήσασθαι
536 1837 654 1920 αὐτόν,
683 1837 724 1902 οὐ
747 1837 896 1922 λέληθεν.
942 1837 1034 1922 ὑμεῖς
1057 1835 1101 1922 δ’,
1129 1839 1181 1904 ὅτε

180 1941 240 2028 μὲν
267 1954 385 2010 τοῦτον
414 1944 473 2009 ούκ
501 1941 639 2009 ἐποιεῖθ’
668 1944 831 2029 δπατῆρ,
857 1944 917 2026 τὴν
940 1941 1049 2028 μητέρ’
1072 1943 1181 2028 ἀληθῆ

180 2048 287 2133 λέγειν
310 2047 440 2134 ἡγεῖσθ’
462 2049 577 2114 αὐτοῦ·
601 2048 734 2114 ἐπειδάν
758 2046 788 2114 δ’
811 2049 897 2115 οὕτω
921 2051 1064 2132 γεγονὼς
1087 2046 1183 2127 οὗτος

180 2156 318 2241 ὀχληρὸς
335 2149 367 2242 ᾗ,
385 2156 484 2220 πάλιν
502 2155 582 2239 ὑμῖν
600 2177 677 2220 ποτε
698 2155 785 2234 δόξει
805 2155 928 2233 ἐκεῖνος
941 2155 1050 2240 ἀληθῆ
1065 2155 1181 2241 λέγειν.

178 2267 213 2328 τί
237 2260 283 2345 δ’,
312 2265 343 2326 εί
368 2263 663 2345 ψευδομαρτυριῶν
691 2259 878 2326 ἁλώσεσθαι
905 2264 1099 2347 προσδοκῶν
1127 2258 1178 2346 ἐφ’

179 2361 229 2446 οἷς
259 2367 397 2453 ἐρανίζει
424 2369 553 2443 τούτοις
581 2379 649 2442 τοῖς
674 2364 749 2451 περὶ
776 2369 894 2450 αὑτόν,
926 2367 1049 2452 ἐρῆμην
1078 2367 1181 2433 ἐάσειε

178 2479 373 2558 τελεσθῆναι
395 2475 456 2557 τὴν
480 2475 590 2557 δίκην;
614 2467 678 2554 ἀρά
696 2495 732 2555 γε
751 2474 871 2556 μικράν
889 2472 1023 2555 ἡγεῖσθε
1042 2473 1182 2557 βλάβην,

179 2577 205 2646 ὦ
227 2583 346 2664 ἀνδρες
360 2576 542 2662 Ἀθηναῖοι,
566 2577 602 2643 ἐν
624 2583 782 2664 κοινωνίᾳ
805 2581 863 2643 τὸν
886 2579 1013 2643 ἅπαντα
1033 2582 1108 2663 βίον
1126 2588 1182 2661 τῆς

128 2705 159 2752 ιο
177 2687 297 2752 τούτου
320 2685 417 2770 δόξης
439 2683 493 2750 καὶ
512 2696 578 2750 τῶν
597 2687 703 2767 ἔργων
722 2680 822 2762 εἷναι;
847 2682 919 2749 Ὀτι
937 2688 1051 2749 τοίνυν
1071 2682 1141 2749 οὐδ’
1161 2684 1181 2749 δ

178 2788 383 2876 διεξελήλυθ’
406 2791 485 2875 ὑμῖν
509 2791 614 2874 μάτην
637 2793 820 2874 φοβοῦμαι,
843 2795 1043 2876 θεωρήσατε.
1087 2786 1182 2866 οὗτος

178 2897 241 2981 γάρ
268 2899 332 2980 ἤδη
359 2895 414 2962 καὶ
441 2897 570 2980 γραφάς
592 2919 698 2977 τινας,
726 2891 894 2977 ὦάνδρες
912 2893 1100 2979 Ἀθηναῖοι,
1127 2896 1181 2960 κε’-

178 3026 313 3087 φευγεν,
336 2999 387 3086 ἐφ’
409 2993 459 3078 αἷς
482 2998 583 3067 οὐδὲν
606 3008 709 3077 αῖτιος
732 3001 778 3066 ὢν
802 3001 865 3084 ἐγὼ
889 3003 1181 3085 συνδιαβάλλομαι,

177 3108 233 3174 καὶ
251 3118 307 3192 τῆς
325 3107 425 3193 ἀρχῆς
442 3107 654 3192 ἠμφεσβήτει,
673 3107 715 3190 ῆν
733 3107 827 3190 ὑμεῖς
840 3104 889 3192 ἔμ’
905 3106 1181 3193 ἐχειροτονήσατε,

177 3213 359 3280 καὶπολλὰ
382 3212 436 3278 καὶ
459 3214 601 3297 δυσχερῆ
626 3213 681 3277 διδι
704 3213 849 3295 τοῦνομα
868 3211 1074 3297 συμβέβηκεν
1091 3212 1182 3296 ἡμῖν,

178 3315 243 3404 ὧν,
275 3317 319 3386 ἵν’
350 3315 475 3402 εἰδῆθ’,
508 3316 653 3384 ἑκάστων
685 3319 851 3403 μάρτυρας
882 3318 963 3402 ύμῖν
993 3317 1181 3404 παρεξομαι.

177 3433 331 3506 [Leguntnr
348 3431 530 3502 teshimonia]

125 3550 159 3597 14
239 3527 365 3617 Ὁρᾶτ’,
396 3525 422 3595 ὦ
450 3531 569 3614 ἀνδρες
591 3526 780 3614 Ἀθηναῖοι,
811 3529 850 3593 τὰ
878 3533 1102 3614 συμβαίνοντα
1127 3529 1182 3596 καὶ
