2668 4002
537 220 572 268 11.
592 216 751 269 ΠΛΑΤΩΝ.
777 232 781 240 ·

266 447 307 512 11.
336 447 502 524 Quomodo
527 447 663 512 Athenis
687 445 779 532 pueri
803 447 928 510 educati
952 447 1026 511 sino

238 568 357 638 (Plasson.
378 569 490 638 Protag.
508 586 536 637 p.
552 575 603 623 325
614 567 633 622 C
644 569 767 622 -326Ε,
797 568 831 622 cf.
847 569 913 624 fasc.
930 569 954 620 11
972 585 999 636 p.
1015 570 1050 635 3.)

205 689 260 758 Ἐκ
290 695 418 760 παίδων
450 707 596 778 σμικρῶν
628 693 820 778 ἀρξάμενοι,
851 693 945 779 μέχρι
976 689 1078 774 οὗπερ
1106 691 1180 758 ἀνι

145 801 231 882 ζῶσι,
249 797 304 865 καὶ
322 800 517 866 διδάσκουσι
535 798 588 864 καὶ
607 807 837 866 νουθετοῦσιν.
870 799 1003 865 ἐπειδάν
1021 806 1146 864 θᾶττον

143 913 240 990 συνιή
263 929 312 982 τις
334 907 372 971 τά
396 910 567 990 λεγόμενα,
589 904 643 972 καὶ
666 910 787 992 τροφὸς
803 905 858 972 καὶ
876 907 981 991 μήτηρ
1000 903 1055 969 καὶ
1073 925 1146 969 παι-

144 1010 292 1093 δαγωγὸς
314 1007 368 1074 καὶ
392 1011 490 1087 αὐτὸς
513 1012 530 1076 ὁ
554 1013 659 1096 πατήρ
682 1010 757 1096 περὶ
779 1014 898 1078 τούτου
920 1013 1147 1096 διαμάχονται,

144 1115 231 1192 ὅπως
253 1115 420 1199 βέλτιστος
443 1119 532 1181 ἔσται
555 1116 573 1182 δ
596 1129 687 1200 παῖς,
714 1115 789 1200 παρ’
812 1116 949 1182 ἕκαστον
972 1114 1027 1181 καὶ
1050 1120 1148 1198 ἔργον

143 1219 197 1286 καὶ
226 1225 326 1305 λόγον
355 1221 565 1297 διδάσκοντες
587 1221 641 1286 καὶ
665 1221 927 1306 ἐνδεικνύμενοι,
955 1222 1064 1287 ὅτιτὸ
1087 1218 1148 1305 μὲν

145 1329 289 1409 δίκαιον,
316 1329 352 1392 τὸ
381 1323 418 1392 δὲ
445 1329 578 1411 ἀδικον,
605 1324 659 1392 καὶ
686 1330 760 1393 τόδε
784 1324 844 1411 μὲν
867 1331 985 1412 καλόν,
1012 1328 1087 1392 τόδε
1112 1324 1148 1391 δὲ

144 1434 292 1517 αἰσχρόν,
314 1430 368 1497 καὶ
391 1435 466 1497 τόδε
490 1429 550 1517 μὲν
573 1433 679 1516 ὅσιον,
702 1430 777 1498 τόδε
801 1430 838 1498 δὲ
861 1432 1010 1512 ἀνόσιον,
1032 1431 1086 1497 καὶ
1109 1433 1148 1496 τά

144 1534 204 1622 μὲν
233 1542 337 1622 ποίει,
365 1539 405 1603 τά
436 1535 471 1603 δὲ
501 1540 544 1622 μή
575 1543 674 1603 ποίει·
703 1537 758 1604 καὶ
788 1538 846 1604 ἐάν
876 1535 937 1622 μὲν
967 1536 1051 1603 ἑκὼν
1080 1542 1148 1602 πεί-

143 1652 243 1728 θηται
270 1681 321 1726 -,
344 1646 374 1708 εί
396 1640 433 1709 δὲ
456 1645 512 1727 μή,
535 1645 643 1726 ὥσπερ
667 1642 767 1722 ξύλον
791 1646 1071 1729 διαστρεφόμενον
1093 1642 1148 1709 καὶ

143 1753 374 1834 καμπτόμενον
401 1750 604 1815 εὐθύνουσιν
631 1749 778 1826 ἀπειλαῖς
800 1748 854 1815 καὶ
876 1756 1024 1834 πληγαῖς.
1069 1752 1183 1835 μετάκ

145 1851 181 1921 δὲ
209 1865 309 1921 ταῦτα
337 1857 383 1932 είς
407 1855 615 1920 διδασκάλων
637 1855 818 1939 πέμποντες
840 1859 925 1921 πολὺ
948 1861 1075 1940 μᾶλλον
1098 1856 1114 1922 ἐ
1135 1897 1149 1907 -

144 1959 314 2026 τέλλονται
338 1960 563 2044 ἐπιμελεῖσθαι
585 1959 761 2045 εὐκοσμίας
778 1973 843 2026 τῶν
861 1963 990 2028 παίδων
1009 1961 1029 2046 ἢ
1048 1985 1149 2047 γραμ-

146 2067 257 2150 μάτων
287 2089 321 2132 τε
349 2065 403 2131 καὶ
430 2072 642 2162 κιθαρίσεως·
679 2068 714 2133 οί
739 2064 776 2133 δὲ
803 2068 996 2134 διδάσκαλοι
1023 2069 1149 2135 τούτων

144 2196 179 2237 τε
202 2172 444 2256 ἐπιμελοῦνται,
466 2171 520 2237 καὶ
539 2172 674 2239 ἐπειδὰν
692 2169 734 2238 αὖ
753 2175 925 2258 γράμματα
943 2176 1075 2258 μάθωσι
1094 2173 1149 2239 καὶ

145 2277 287 2363 μέλλωσι
319 2281 476 2362 συνήσειν
508 2279 547 2343 τά
583 2278 809 2363 γεγραμμένα,
846 2281 953 2362 ὥσπερ
985 2283 1058 2345 τότε
1090 2281 1149 2363 τήν

146 2387 280 2470 φωνήν,
306 2383 544 2468 παρατιθέασιν
572 2385 684 2461 αὐτοῖς
712 2384 764 2450 ἐπὶ
787 2397 852 2451 τῶν
876 2386 1013 2470 βάθρων
1037 2385 1150 2469 ἀναγι-

146 2492 307 2573 γνώσκειν
334 2502 478 2573 ποιητῶν
506 2490 644 2573 ἀγαθῶν
666 2493 829 2575 ποιήματα
851 2489 905 2555 καὶ
930 2490 1149 2575 ἐκμανθάνειν

147 2578 402 2678 ἀναήκάζουσιν,
430 2595 466 2660 ἐν
495 2588 544 2672 οἷς
570 2595 687 2660 πολλαὶ
716 2593 776 2680 μὲν
803 2597 1016 2679 νουθετήσεις
1038 2601 1150 2680 ἔνεισι,

146 2699 264 2765 πολλαὶ
293 2697 329 2765 δὲ
358 2699 500 2778 διέξοδοι
528 2700 581 2766 καλ
609 2704 737 2767 ἔπαινοι
760 2699 815 2766 καὶ
838 2701 980 2786 ἐγκώμια
1003 2708 1150 2767 παλαιῶν

147 2805 280 2890 ἀνδρῶν
308 2804 461 2890 ἀγαθῶν,
483 2808 544 2876 Ιἳνα
572 2807 589 2873 ὁ
618 2819 693 2883 παῖς
718 2811 822 2891 ζηλῶν
844 2818 979 2892 μιμῆται
1002 2807 1056 2873 καὶ
1080 2807 1149 2894 ὀρέ-

147 2935 242 2994 γηται
268 2921 416 2987 τοιοῦτος
443 2909 608 2994 γενέσθαι.
643 2914 689 2978 ὀί
709 2907 736 2978 τ’
759 2907 801 2978 αὖ
824 2920 1028 2998 κιθαρισταί,
1058 2915 1185 2997 ἕτερασ

148 3026 296 3099 τοιαῦτα,
320 3019 536 3101 σωφροσύνης
558 3042 591 3083 τε
616 3017 845 3102 ἐπιμελοῦνται
867 3018 922 3084 καὶ
945 3020 1032 3097 ὅπως
1054 3020 1096 3086 ἀν
1119 3023 1154 3087 οί

147 3119 217 3186 νέοι
233 3118 343 3205 μηδὲν
365 3136 585 3208 κακουργῶσι·
613 3127 695 3209 πρὸς
718 3121 754 3189 δὲ
778 3127 922 3208 τούτοις,
948 3125 1081 3191 ἐπειδὰν
1103 3150 1151 3190 κι-

147 3231 296 3311 θαρίζειν
323 3229 493 3312 μάθωσιν,
523 3231 632 3295 ἀλλων
660 3225 702 3295 αὖ
729 3242 874 3313 ποιητῶν
899 3230 1035 3314 ἀγαθῶν
1058 3235 1151 3315 ποιή-

147 3357 231 3416 ματα
256 3334 451 3400 διδάσκουσι
470 3340 666 3418 μελοποιῶν,
689 3338 735 3412 είς
753 3336 792 3400 τά
811 3341 1033 3422 κιθαρίσματα
1051 3337 1150 3403 ε’ντεί-
1209 3403 1210 3406 ,

147 3462 277 3521 νοντες,
304 3437 358 3504 καὶ
386 3442 462 3514 τοὺς
485 3440 636 3524 ῥυθμούς
657 3463 691 3506 τε
715 3438 769 3505 καὶ
791 3443 848 3518 τάς
871 3441 1028 3526 ἁρμονίας
1052 3441 1151 3526 ἀναγ-

146 3546 301 3633 κάζουσιν
334 3547 540 3621 οἰκειοῦσθαι
571 3557 641 3631 ταῖς
671 3557 791 3640 ψυχαῖς
821 3558 888 3622 τῶν
920 3549 1064 3634 παίδων,
1096 3550 1151 3624 ἵνα
