2668 4008
561 219 592 270 V.
612 218 796 275 ΞΕΝΟΦΩΝ.
1138 215 1177 278 21

178 402 259 460 μην,
286 380 407 462 πότερα
434 376 533 454 αὐτὸς
560 380 601 442 σὺ
631 378 824 453 ἐπαίδευσας
851 377 910 459 τὴν
933 389 1072 461 γυναῖκα
1100 379 1182 442 ὥστε

178 479 262 548 εἶναι
286 485 360 548 οίαν
383 485 445 567 δεῖ,
467 483 487 566 ἢ
511 482 728 567 ἐπισταμένην
748 487 861 568 ἔλαβες
879 486 966 568 παρὰ
985 495 1044 550 τοῦ
1061 487 1183 569 πατρὸς

178 591 231 653 καὶ
259 599 316 673 τῆς
343 591 464 674 μητρὸς
492 590 629 654 διοικεῖν
656 591 696 654 τά
724 593 931 674 προσήκοντα
955 589 1059 674 αὐτῇ]
1106 587 1216 654 ’Καὶυ

178 700 212 758 τί
232 695 297 775 ἄν’,
321 698 395 779 ἔφη,
419 691 455 759 ‘0³2
476 697 660 777 Σώκρατες,
684 694 900 780 ἐπισταμένην
923 695 1025 778 αὐτὴν
1043 697 1183 780 παρέλα-

178 805 252 884 βον,
274 801 294 884 ἣ
315 804 368 883 ἐτη
388 797 448 885 μὲν
467 803 558 866 οὔπω
576 802 808 867 πεντεκαίδεκα
826 814 981 884 γεγονυῖα
1000 797 1082 886 ἦλθε
1101 803 1184 882 πρὸς

179 905 249 990 ἐμέ,
273 909 332 972 τὸν
357 902 386 971 δ’
409 911 596 990 ἔμπροσθεν
620 911 742 993 χρόνον
765 910 817 990 ἐζη
841 907 906 973 ὑπὸ
929 912 1051 991 πολλῆς
1075 907 1182 990 ἐπιμε-

178 1017 277 1096 λείας,
295 1013 383 1090 ὅπως
400 1013 550 1099 ἐλάχιστα
565 1009 625 1096 μὲν
639 1015 766 1097 ὄψοιτο,
786 1013 936 1097 ἐλάχιστα
951 1011 980 1078 δ’
998 1013 1183 1100 άκοάσοιιο,

179 1117 330 1203 ἐλάχιστα
358 1117 388 1182 δ’
411 1122 533 1200 ἔρανος
558 1119 683 1204 οὐγὰρ
707 1118 874 1203 ἀγαπητόν
898 1136 949 1184 σοι
973 1120 1066 1184 δοκεῖ
1086 1114 1217 1201 είναι,6

178 1225 209 1288 εί
230 1227 335 1306 μόνον
356 1221 461 1307 ἦλθεν
484 1223 678 1309 ἐπισταμένη
703 1228 773 1309 ἔρια
797 1229 1033 1309 παραλαβοῦσα
1054 1225 1183 1308 ίμάτιον

178 1328 346 1406 ἀποδεῖξαι
373 1328 428 1394 καὶ
452 1328 630 1414 ἑωρακυῖα,
648 1329 692 1406 ὡς
705 1333 784 1413 ἔργα
807 1333 944 1402 ταλάσια
967 1335 1183 1415 θεραπαίναις

179 1436 322 1513 δίδοται;
346 1434 414 1500 ἐπεὶ
438 1437 477 1500 τά
499 1459 536 1519 γε
560 1435 644 1521 ἀμφὶ
664 1436 829 1519 γαστέρά,
852 1440 926 1521 ἔφη,
950 1437 1048 1502 “πάνυ
1066 1441 1183 1519 καλῶς,

178 1537 203 1606 ὦ
219 1543 402 1626 Σώκρατες,
420 1538 504 1626 ἦλθε
524 1541 778 1626 πεπαιδευμένη·
803 1542 881 1627 ὅπερ
901 1542 1054 1626 μέγιστον
1074 1546 1182 1626 ἔμοιγε

179 1649 271 1713 δοκεῖ
294 1648 458 1731 παίδευμα
481 1644 566 1712 εἶναι
589 1646 642 1713 καὶ
666 1646 764 1730 άνδρὶ
787 1646 841 1712 καὶ
865 1648 1016 1731 γυναικί.’
1063 1649 1125 1712 ’Τά
1149 1645 1180 1712 δ’
1203 1668 1216 1714 7

178 1752 284 1836 ἄλλά,
308 1756 391 1837 ἐφην
415 1753 493 1836 ἐγώ,
523 1751 559 1820 ’ὦ
580 1750 763 1839 Ἰσχόμαχε,
786 1755 885 1832 αὐτὸς
908 1754 1102 1830 ἐπαίδευσας
1124 1755 1183 1837 τὴν

178 1872 318 1942 γυναῖκα
343 1860 424 1924 ὥστε
449 1860 565 1944 ίκανην
584 1856 669 1925 εἶναι
689 1855 735 1924 ὧν
754 1864 910 1944 προσήκει
929 1859 1182 1945 ’ἐπιμελεῖσθαί

179 1964 241 2029 ’οὐ
265 1966 309 2049 μὰ
328 1963 415 2048 Δί’,
437 1968 500 2048 ἐφη
524 1965 542 2031 ὁ
558 1963 757 2052 Ἰσχόμαχος,
772 1966 835 2053 ὀύ,
851 1970 930 2048 πρίν
949 1990 985 2049 γε
1004 1965 1058 2030 καί
1077 1969 1183 2031 ἐθυσα

178 2069 233 2136 καὶ
255 2070 405 2155 ηὐξάμην
428 2070 487 2154 ἐμέ
506 2095 540 2136 τε
563 2072 738 2157 τυγχάνειν
761 2073 959 2137 διδάσκοντα
982 2070 1037 2136 καὶ
1056 2072 1184 2155 ἐκείνην

178 2178 417 2262 μανθάνουσάν
436 2178 475 2241 τά
494 2177 644 2261 βέλτιστα
663 2177 860 2263 ἀμφοτέροις
877 2179 977 2263 ἡμῖν’
1014 2178 1217 2262 Ὃύκοῦν’,8

178 2285 261 2366 ἔφην
292 2282 371 2366 ἐγώ,
402 2281 470 2347 ‘nal
500 2284 520 2366 η
551 2287 635 2367 γυνη
666 2301 718 2348 σοι
750 2283 892 2349 συνέθυε
920 2282 974 2348 καὶ
1002 2286 1182 2369 συνηύχετο

178 2389 278 2454 ταύτά
297 2386 425 2467 ταῦτα;’
453 2386 530 2452 *Καὶ
550 2389 635 2472 μάλα
654 2385 712 2471 γ”,
734 2391 795 2472 ἐφη
815 2390 833 2455 δ
849 2387 1047 2474 Ἰσχόμαχος,
1067 2389 1183 2455 (πολλά

177 2491 422 2580 ὑπισχνουμένη
452 2490 513 2577 μὲν
542 2495 624 2578 πρὸς
653 2497 729 2571 τοὺς
758 2497 859 2570 θεοὺς
886 2497 1085 2578 γενησεσθαι
1109 2497 1183 2560 οίαν

178 2602 239 2680 δεῖ,
263 2597 316 2664 καὶ
340 2601 479 2683 εὔδηλος
501 2594 543 2683 ἦν
567 2599 615 2664 ὅτι
640 2598 700 2665 οὐκ
722 2598 876 2683 ἀμελήσει
899 2612 966 2666 τῶν
990 2599 1183 2684 διδασκομέ-

177 2705 267 2771 νων.’
314 2705 418 2789 Ἧρὸς
439 2705 554 2785 θεῶν’,
577 2708 660 2788 ἐφην
684 2705 759 2788 ἐγώ,
783 2701 821 2769 ’ὦ
842 2703 1020 2790 Ἰσχόμαχε,
1042 2710 1077 2770 τί
1096 2718 1183 2789 πρῶ·

177 2834 235 2876 τον
259 2811 428 2876 διδάσκειν
450 2813 554 2896 ἦρχον
578 2810 692 2893 αὐτην,
716 2812 834 2894 διηγοῦ
852 2833 920 2896 μοι·
945 2812 989 2887 ὡς
1007 2811 1070 2894 ἐγὼ
1089 2809 1177 2878 ταῦτ’

177 2917 219 2980 άν
237 2917 334 3000 ἥδιόν
353 2933 414 2981 σου
434 2914 655 3000 διηγουμένου
676 2915 839 3000 άκοάοιμι,
860 2917 880 2999 ἣ
899 2923 933 2981 εί
946 2941 1002 2999 μοι
1021 2921 1182 3001 γυμνικὸν

179 3022 197 3105 ἢ
222 3024 356 3087 ίππικὸν
380 3021 491 3104 άγῶνα
514 3025 572 3087 τὸν
595 3022 771 3087 κάλλιστον
794 3022 943 3105 διηγοῖο.’
976 3021 1029 3087 καί
1048 3023 1065 3088 ὁ
1082 3021 1182 3108 Ἰσχό-
1201 3043 1216 3089 9

178 3152 278 3213 μαχος
306 3127 516 3212 ἀπεκρίνατο·
553 3127 611 3192 εΤί
637 3125 693 3206 δ’;’
721 3131 799 3212 ἐφη,
830 3123 868 3191 εὧ
897 3130 1085 3210 Σώκρατες,
1113 3129 1182 3194 ἐπεὶ

177 3235 240 3318 ἤδη
268 3258 324 3317 μοι
351 3236 528 3318 χειροήθης
555 3229 597 3318 ἦν
624 3231 678 3298 καὶ
710 3233 936 3300 ἐτετιθάσευτο
964 3234 1046 3299 ὥστε
1075 3235 1182 3300 διαλέ-

176 3347 307 3424 γεσθαι,
330 3339 457 3423 ἠρόμην
481 3340 584 3423 αὐτην
608 3333 675 3404 ὧδέ
694 3359 775 3415 πως·
813 3338 921 3403 Ἓίπέ
936 3363 1003 3423 μοι,
1027 3335 1053 3404 ὦ
1072 3341 1182 3425 γύναι,

176 3441 239 3531 ἆρα
262 3447 326 3530 ἤδη
349 3449 557 3530 κατενόησας,
580 3450 669 3522 τίνος
691 3442 769 3511 ποτδ
792 3444 886 3510 ἕνεκα
910 3445 973 3528 ἐγώ
995 3470 1029 3511 τε
1054 3443 1090 3511 σε
1110 3451 1181 3511 ἔλα-

175 3556 237 3637 βον
265 3550 320 3618 καὶ
347 3552 383 3618 οί
407 3550 461 3618 σοὶ
488 3562 596 3635 γονεῖς
624 3552 744 3617 ἐδοσάν
768 3569 804 3617 σε
827 3550 914 3636 ἐμοί;
942 3555 1182 3636 βουλευόμενος
