2668 4002
417 247 499 300 που.
520 248 782 302 Διιαοεοεαεε.
817 322 820 328 ¹
1063 247 1104 310 51

9 375 59 545 ζά
100 415 181 474 σθαι
204 420 270 474 τῶν
293 410 491 493 συμβάντων
510 408 644 490 οὐδένα,
667 407 739 474 ἀλλ’
762 406 857 474 ἐκεῖν’
880 408 990 486 ἁπλῶς
1008 408 1108 492 §7116-

9 511 14 544 τ
27 501 52 544 ια’

47 588 48 599 ¹
99 538 183 596 κειν,
204 517 242 580 τὸ
266 517 383 580 λοιπὸν
406 515 620 599 εὐλαβεῖσθαι
643 515 698 580 καὶ
720 517 945 600 φυλάττεσθαι
964 518 1008 600 μὴ
1027 520 1107 599 πλη-

9 611 58 654 '²¹⁵'
100 622 223 699 στάζειν
250 632 319 696 τοῖς
345 622 515 698 τοιούτοις.
564 625 672 710 χρόνῳ
701 623 722 687 δ
728 624 731 640 ‘
761 622 900 707 ὕστερον
929 621 970 689 οὐ
996 626 1143 706 πολλῳσ

100 737 369 810 περιπατοῦντος,
392 727 501 810 ὥσπερ
524 729 672 809 εἰώθειν,
695 725 833 811 ἑσπέρας
855 728 892 794 ἐν
916 727 1021 814 ἀγορᾷ
1044 749 1108 810 μου

9 830 19 867 ¹⁴
30 827 49 864 ¹³
100 834 181 916 μετὰ
197 833 433 917 Φανοστράτου
447 842 506 899 τοῦ
516 832 716 918 Κηφισιέως,
730 845 797 899 τῶν
811 834 994 917 ἡλικιωτῶν
1008 856 1109 913 τινος,

9 933 50 990 5³5⁰*
99 938 296 1024 παρέρχεται
316 942 460 1022 Κτησίας
482 939 500 1005 6
519 941 591 1016 υίὸς
610 939 627 1005 6
646 940 778 1023 τούτου,
801 942 950 1024 μεθύων,
973 940 1053 1004 κατὰ
1072 939 1109 1003 τὸ

9 719 46 768 λ’λίζ,

18 1039 52 1143 β”έ
101 1048 302 1129 Λεωκόριον.
339 1045 482 1109 κατιδὼν
505 1042 534 1110 δ’
558 1044 718 1130 ἡμᾶςκαὶ
742 1047 941 1130 κραυγάσας,
964 1042 1018 1110 καὶ
1040 1046 1110 1109 δια.

9 1129 47 1189 651:
101 1155 232 1236 λεχθείς
254 1175 285 1215 τι
307 1153 389 1232 πρὸς
411 1151 512 1216 αὑτὸν
536 1151 640 1227 οὕτως
662 1152 706 1228 ὡς
729 1149 770 1216 ἀν
793 1153 941 1235 μεθύων,
964 1152 1046 1216 ὥστε
1065 1150 1110 1233 μὴ

9 1237 49 1306 '²³3⁸
101 1263 225 1341 μαθεῖν
248 1256 266 1320 6'
289 1280 320 1320 τι
344 1255 446 1338 λέγοι,
468 1261 619 1340 παρῆλθε
642 1259 723 1340 πρὸς
746 1260 898 1340 Μελίτην
921 1258 1000 1321 ἀνω.
1042 1258 1110 1320 ἔπι-

12 1360 48 1420 Ηῖδ
100 1388 164 1429 νον
193 1360 222 1429 δ’
249 1360 301 1444 ἀρ’
328 1361 473 1427 ἐνταῦθα
502 1359 617 1448 (ταῦτα
644 1364 707 1445 γὰρ
734 1363 875 1446 ὕστερον
902 1362 1110 1446 ἐπυθόμεθα)

9 1451 42 1562 [δέ
100 1470 190 1556 παρὰ
220 1471 387 1556 Παμφίλῳ
417 1479 461 1554 τῳ
492 1479 614 1552 κναφεῖ
639 1471 760 1534 Κόνων
790 1469 920 1551 οὑτοσί,
954 1471 1111 1552 Θεότιμός

27 1579 44 1628 ῖ
101 1600 168 1658 τις,
187 1573 413 1660 Ἀρχεβιάδης,
436 1578 631 1656 Σπίνθαρος
654 1574 672 1640 6
696 1574 883 1657 Εὐβούλου,
908 1572 1070 1658 Θεογένης
1093 1575 1111 1640 6

9 1668 43 1724 δέ
102 1679 350 1765 Ανδρομένους,
369 1685 490 1745 πολλοί
504 1703 603 1763 τινες,
622 1680 680 1756 οὓς
699 1679 918 1765 ἐξαναστήσας
935 1680 953 1745 6
969 1683 1113 1763 Κτησίας

102 1784 270 1872 ἐπορεύετ’
296 1790 343 1864 είς
370 1788 430 1870 τὴν
454 1785 588 1870 ἀγοράν.
633 1785 688 1851 καί
711 1786 791 1870 ἡμῖν
815 1784 1010 1869 συνέβαινεν
1034 1785 1146 1850 ἀνα-7

9 1879 40 1990 {³⁷³²
103 1891 305 1976 στρέφουσιν
341 1891 404 1958 ἀπὸ
440 1901 500 1957 τοῦ
534 1897 780 1977 Φερρεφαττίου
812 1890 866 1957 καί
897 1900 1112 1974 περιπατοῦσι

9 1773 42 1848 ιλ

11 1999 38 2041 δ’·
102 1997 205 2062 πάλιν
227 1993 296 2062 κατ’
320 1997 400 2062 αὐτό
423 2019 492 2073 πως
514 2000 551 2063 τὸ
574 2000 765 2080 Λεωκόριον
788 1993 886 2078 εἶναι,
908 1995 962 2061 καλ
984 1998 1113 2074 τούτοις

10 2112 36 2144 z«
102 2102 394 2188 περιτυγχάνομεν.
441 2103 484 2177 ὡς
512 2099 543 2166 δ’
562 2102 812 2185 ἀνεμείχθημεν,
838 2093 884 2178 εἷς
909 2098 970 2184 μὲν
993 2102 1113 2185 αὐτῶν,

14 2209 32 2246 ’·””
103 2209 214 2292 ἀγνώς
240 2233 305 2291 τις,
337 2218 382 2295 τῷ
412 2209 633 2297 Φανοστράτῳ
661 2213 857 2292 προσπίπτει
884 2205 939 2272 καί
966 2220 1114 2293 κατεῖχεν

24 2330 31 2352 ·’
103 2314 247 2397 ἐκεῖνον,
271 2318 391 2380 Κόνων
414 2311 444 2378 δ’
468 2312 581 2379 οὑτοσὶ
604 2313 657 2378 καί
682 2315 700 2380 6
722 2315 795 2390 υίὸς
816 2314 919 2380 αὐτοῦ
937 2312 991 2378 καὶ
1010 2314 1028 2380 6
1044 2308 1114 2379 ’Λν-

12 2412 27 2470 *2*
104 2418 289 2505 δρομένους
311 2421 384 2496 υίὸς
408 2417 478 2503 ἐμοὶ
502 2422 743 2502 προσπεσόντες
765 2421 802 2484 τὸ
822 2415 883 2502 μὲν
899 2431 1030 2501 πρῶτον
1050 2419 1114 2497 ε’ξέ-

13 2507 25 2569 έ
104 2530 225 2609 δυσαν,
249 2520 313 2592 εἶθ’
334 2525 608 2601 ὑποσκελίσαντες
630 2523 685 2589 καὶ
708 2524 863 2608 ῥάξαντες
886 2526 933 2600 είς
955 2527 1015 2590 τὸν
1037 2529 1114 2611 βόρ-

13 2639 21 2670 ³‘
104 2638 210 2718 βορον
229 2631 315 2698 οὕτω
335 2630 496 2714 διέθηκαν
515 2630 729 2713 ἐναλλόμενοι
745 2629 799 2695 καὶ
814 2631 1014 2716 ὑβρίζοντες,
1033 2632 1114 2696 ὥστε

15 2717 18 2776 s
104 2743 143 2804 τὸ
163 2734 224 2821 μὲν
244 2743 351 2822 χεῖλος
370 2738 536 2818 διακόψαι,
555 2740 633 2813 τοὺς
651 2735 681 2802 δ’
700 2738 896 2822 ὀφθαλμοὺς
912 2742 1115 2820 συγκλεῖσαι·

14 2849 16 2880 ⁷
105 2844 194 2910 οὕτω
219 2839 255 2909 δέ
274 2854 380 2920 κακῶς
398 2846 515 2927 έχοντα
533 2842 719 2927 κατέλιπον,
743 2845 826 2909 ὥστε
845 2840 918 2926 μήτ’
935 2842 1115 2927 ἀναστῆναι

105 2953 187 3035 μήτε
206 2948 416 3032 φθέγξασθαι
435 2951 612 3014 δύνασθαι.
648 2953 797 3034 κείμενος
815 2947 847 3014 δ’
864 2949 972 3014 αὐτῶν
991 2952 1116 3033 ἤκουον

104 3056 214 3121 πολλὰ
249 3053 303 3119 καί
340 3056 434 3120 δεινδι
471 3058 644 3137 λεγόντων.
696 3054 750 3120 καλ
783 3056 823 3119 τά
855 3051 916 3138 μὲν
948 3057 1031 3120 ἀλλα
1061 3055 1150 3121 καλε

106 3164 320 3246 βλασφημίαν
344 3163 409 3245 ἔχει
431 3161 505 3225 τινὰ
527 3160 582 3226 καὶ
604 3160 714 3244 λέγειν
734 3158 905 3244 ὀκνήσαιμ’
922 3161 964 3225 ἀν
983 3161 1018 3226 ἐν
1037 3162 1116 3244 ὑμῖν

107 3273 196 3351 ἔνια,
225 3266 243 3331 δ
271 3262 308 3330 δέ
336 3276 391 3348 τῆς
418 3266 544 3351 ὕβρεώς
572 3266 640 3332 ἐστι
667 3277 724 3350 τῆς
750 3267 870 3332 τούτου
898 3278 1034 3351 σημεῖον
1062 3266 1116 3332 καὶ

107 3375 287 3459 τεκμήριον
309 3382 369 3438 τοῦ
391 3381 457 3436 πᾶν
480 3375 517 3438 τὸ
539 3367 661 3457 πρᾶγμ’
682 3373 745 3438 ὑπὸ
767 3374 886 3438 τούτου
905 3379 1116 3457 γεγενῆσθαι,

108 3478 204 3547 τοῦθ’
223 3480 303 3563 ὑμῖν
323 3478 399 3562 ἐρῶ·
423 3472 482 3564 ᾖδε
502 3480 564 3561 γὰρ
583 3481 661 3556 τοὺς
678 3478 899 3562 ἀλεκτρυόνας
916 3481 1117 3562 μιμούμενος

109 3590 185 3665 τοὺς
211 3587 437 3670 νενικηκότας,
467 3586 502 3650 οί
527 3581 564 3649 δὲ
590 3597 720 3669 κροτεῖν
747 3595 815 3662 τοῖς
842 3584 986 3668 ἀγκῶσιν
1015 3585 1116 3650 αὐτὸν

921 3691 957 3742 4*
