2668 4002
1076 119 1113 194 δ

562 212 594 264 X.
613 211 746 264 ΙΣΑΙΟΣ.
1097 207 1140 272 39

133 370 189 436 καὶ
219 373 277 436 τὸν
303 371 446 436 έλθόντα
477 381 543 435 τῶν
571 369 740 455 ἀρχόντων
769 369 820 436 ἐπὶ
848 371 910 453 τήν
938 371 1050 456 θύραν
1081 369 1140 435 ἀπ-

135 477 292 562 έπεμψαν.
337 475 393 541 καὶ
422 479 519 542 δυοῖν
549 488 621 542 τοῖν
645 475 896 543 ἐναντιωτάτων
918 477 1042 561 θάτερα
1066 475 1140 560 μέλ-

134 589 262 666 λοντες,
289 582 310 667 ή
337 583 397 665 τήν
425 582 542 648 οὐσίαν
571 581 656 660 ἕξειν
678 581 892 667 βεβαιοτέραν
915 581 935 666 ή
959 581 1073 672 έκείνφ
1096 583 1140 665 μή

133 690 328 771 ποιήσαντες
350 687 609 774 ἀπεχθήσεσθαι,
631 690 693 771 τήν
716 687 895 773 ἀπέχθειαν
913 689 1041 754 εἵλοντο
1059 693 1141 771 μᾶλ-

134 801 196 860 λον
217 795 335 880 ταύτης
357 804 414 878 τῆς
437 796 584 877 δωρειᾶς.
620 799 725 859 καίτοι
747 806 816 870 πῶς
838 793 880 860 ἀν
898 794 992 877 ἕτερα
1013 795 1141 858 τούτων
1161 810 1193 858 16

134 899 253 984 γένοιτ’
281 900 489 985 άπιστότερα;
517 904 595 976 τοὺς
620 896 681 983 μὲν
704 905 881 983 τηλικαῦτα
904 899 1082 984 μέλλοντας
1105 899 1141 963 ἐκ

133 1017 195 1073 τοῦ
224 1008 413 1091 πράγματος
444 1009 647 1091 κερδαίνειν,
680 1007 788 1090 ὥσπερ
820 1002 1141 1090 ζημιωθησομέυους,

133 1111 345 1197 φυλάξασθαι
374 1114 435 1195 τήν
465 1114 656 1194 διακονίαν,
686 1113 890 1196 Κλεώνυμον
917 1108 948 1177 δ’
974 1108 1057 1194 ὑπὲρ
1085 1120 1141 1194 τῆς

133 1219 261 1284 τούτων
285 1219 443 1304 ὠφελείας
465 1218 628 1301 τοσαύτην
651 1219 856 1300 ποιήσασθαι
874 1219 1036 1302 σπουδήν,
1058 1217 1140 1282 ὥστε

134 1327 350 1413 Ποσειδίππῳ
373 1323 451 1408 μέν,
481 1323 531 1388 ότι
553 1322 791 1408 κατημέλησεν,
818 1323 1032 1407 ὀργισθῆναι,
1059 1327 1140 1388 Διο-

134 1431 251 1508 κλέους
275 1428 311 1496 δὲ
334 1429 435 1495 ταύτὰ
457 1429 557 1494 πάλιν
579 1432 626 1506 είς
644 1431 705 1512 τήν
722 1430 899 1512 ὑστεραίαν
918 1431 1094 1512 δεηθήναι;

203 1533 303 1620 Οἶμαι
335 1534 366 1602 δ’
396 1537 481 1619 ὑμᾶς
509 1537 546 1601 τὸ
575 1533 649 1619 περὶ
679 1535 773 1618 ήμῶν
803 1537 933 1602 δίκαιον
963 1532 1135 1621 σαφέστατ’
1161 1551 1192 1598 17

135 1643 177 1708 ἀν
204 1641 280 1726 παρ’
303 1642 411 1707 αὐτῶν
434 1642 561 1707 τούτων
584 1642 828 1706 πυνθάνεσθαι.
874 1644 904 1706 εί
926 1642 988 1725 γάρ
1011 1666 1061 1718 τις
1083 1642 1140 1707 αύ-

134 1752 212 1825 τούς
236 1751 359 1831 ἔροιτο,
389 1748 445 1812 διά
467 1751 502 1812 τί
521 1746 651 1824 ἀξιοῦσι
673 1750 872 1832 κληρονόμοι
895 1746 1052 1830 γενέσθαι
1074 1760 1141 1813 τῶν

136 1855 358 1938 Κλεωνύμου,
393 1849 481 1917 τοῦτ’
514 1850 555 1916 ἀν
587 1855 693 1916 εἰπεῖν
725 1855 848 1936 ἔχοιεν,
885 1853 935 1917 ὅτι
966 1851 1021 1917 καὶ
1052 1851 1141 1936 γένει

135 1956 242 2026 ποθὲν
264 1960 467 2043 προσήκουσι
490 1957 544 2023 καὶ
568 1958 691 2035 ἐκεῖνος
714 1958 825 2034 αὐτοῖς
847 1961 969 2044 χρόνον
987 1955 1050 2024 τιν’
1073 1960 1141 2025 έπι-

135 2068 272 2149 τηδείως
298 2063 445 2129 διέκειτο.
491 2063 552 2130 ούκ
579 2063 621 2129 ἀν
648 2065 712 2147 ἀρα
738 2060 821 2147 ὑπὲρ
849 2064 942 2148 ήμῶν
969 2071 1095 2148 μᾶλλον
1120 2065 1140 2150 ή

135 2168 218 2252 ὑπὲρ
247 2182 341 2255 σφῶν
368 2170 477 2234 αὐτῶν
506 2166 573 2234 εἶεν
596 2173 774 2254 είρηκότες;
807 2177 840 2235 εί
858 2194 892 2235 τε
916 2171 978 2254 γάρ
1002 2171 1057 2235 διὰ
1080 2173 1140 2254 τήν
1161 2187 1192 2235 18

135 2287 195 2342 τοῦ
213 2275 330 2359 γένους
348 2275 536 2360 ἀγχιστείαν
555 2277 608 2341 δεῖ
624 2273 780 2358 γενέσθαι
798 2277 889 2352 τινας
903 2281 1140 2361 κληρονόμους,

135 2383 227 2466 ἡμεῖς
245 2379 407 2464 ἐγγυτέρω
427 2381 514 2464 γένει
532 2384 755 2466 προσήκομεν·
778 2388 812 2447 εί
825 2406 859 2446 τε
879 2383 934 2448 διὰ
952 2384 1012 2465 τήν
1027 2387 1140 2467 φιλίαν

135 2490 196 2572 τήν
209 2487 434 2572 ὑπάρχουσαν,
454 2494 563 2552 ἴσασιν
578 2488 681 2553 αὐτὸν
696 2489 835 2564 ἅπαντες
847 2488 926 2572 ἡμῖν
941 2490 1140 2573 οἰκειότερον

135 2598 351 2678 διακείμενον.
397 2591 472 2658 ὥστ’
495 2593 535 2658 οὐ
558 2594 620 2677 χρή
643 2591 720 2676 παρ’
743 2593 851 2677 ἡμῶν,
879 2593 961 2659 ἀλλά
983 2591 1059 2679 παρ’
1083 2594 1141 2658 αύ-

135 2713 202 2766 τῶν
228 2701 354 2766 τούτων
380 2699 615 2764 πυνθάνεσθαι
643 2701 681 2764 τὸ
705 2701 843 2764 δίκαιον.
888 2700 1022 2764 πάντων
1045 2697 1074 2765 δ’
1100 2699 1141 2765 ἀν
1162 2718 1191 2765 19

136 2813 185 2890 είη
214 2808 418 2889 δεινότατον,
448 2807 479 2870 εί
504 2815 573 2880 τοῖς
600 2801 661 2888 μὲν
684 2806 796 2880 ἀλλοις
817 2809 1034 2889 ψηφίζοισθε,
1062 2805 1140 2870 ὅταν

135 2913 260 2993 θάτερα
282 2912 409 2975 τούτων
432 2912 640 2996 ἀποφαίνωσι
659 2921 744 2995 σφᾶς
763 2911 893 2992 αὐτούς,
915 2910 935 2994 ή
954 2910 1043 2994 γένει
1061 2933 1141 2995 προ-

136 3017 250 3100 τέρους
277 3019 373 3093 ὄντας
400 3015 420 3099 ή
448 3026 486 3101 τῇ
513 3021 608 3105 φιλίᾳ
635 3026 674 3102 τῇ
697 3019 779 3100 πρὸς
801 3019 859 3082 τὸν
882 3020 1141 3101 τετελευτηκότα,

135 3124 219 3205 ἡμᾶς
241 3119 287 3206 δ’,
310 3113 360 3198 οἷς
384 3120 472 3186 ἐστιν
496 3121 662 3208 ἀμφότερα
685 3133 787 3188 ταῦτα
806 3122 894 3205 παρά
912 3122 1045 3187 πάντων
1064 3123 1140 3206 δμο-

136 3229 336 3312 λογούμενα,
372 3226 523 3305 ἀξιώσετε
560 3231 683 3311 μόνους
715 3229 878 3314 ἀκλήρους
910 3238 1042 3310 ποιῆσαι
1074 3239 1140 3293 τῶν

136 3334 274 3400 ἐκείνου.

202 3437 267 3504 Καὶ
299 3441 330 3502 εί
359 3434 420 3522 μὲν
446 3441 657 3525 Πολύαρχος,
689 3441 707 3505 ὁ
738 3442 843 3524 πατὴρ
876 3439 895 3506 ό
924 3439 1140 3523 Κλεωνύμου,
1159 3457 1192 3505 20

135 3545 264 3621 πάππος
286 3541 316 3609 δ’
333 3543 500 3628 ἡμέτερος,
524 3549 586 3623 ζῶν
610 3545 764 3630 ἐτύγχανε
787 3544 927 3612 καὶτῶν
946 3544 1139 3629 ἐπιτηδείων
