2668 4002
449 217 522 266 xu1.
541 215 803 268 Δαμοεοεαειε.
1088 211 1130 275 57

123 381 163 456 τῇ
193 374 318 438 τούτων
345 377 459 457 μητρί,
485 371 565 456 πρὶν
588 375 724 451 τούτους
747 374 953 460 έπιχειρῆσαί
972 397 1011 456 με
1035 389 1131 438 συκο-

124 489 280 560 φαντεῖν,
307 477 361 544 καλ
384 481 466 562 πρὸς
488 478 631 562 ἀλλήλας
653 479 922 564 ἀφικνουμένων,
949 471 1023 546 οἷον
1045 479 1132 554 είκὸς

123 585 193 666 ἅμα
210 580 270 668 μὲν
288 584 484 670 ἀμφοτέρων
502 589 670 674 οἰκουσῶν
686 585 723 650 έν
742 585 831 674 ἀγρςῖ
851 584 905 651 καλ
919 595 1131 668 γειτνιωσῶν,

124 691 193 772 ἅμα
224 687 261 755 δὲ
292 702 359 756 τῶν
390 691 525 775 ἀνδρῶνι
555 691 735 776 χρωμένων
766 691 920 775 ἀλλήλοις
949 692 1009 768 ἕως
1039 693 1131 772 ἔζων,

124 795 289 880 ἐλθούσης
314 794 351 862 δέ
373 807 430 880 τῆς
452 797 530 884 ἐμῆς
552 801 673 881 μητρὸς
696 798 740 875 ὡς
761 799 822 882 τὴν
844 799 971 863 τούτων
993 795 1048 862 καλ
1071 796 1130 862 ἀπ-

124 902 330 988 οδυρομένης
340 902 467 986 ἐκείνης
480 905 520 968 τά
536 904 705 987 συμβάντα
719 902 773 970 καὶ
788 904 1014 986 δεικνυούσης,
1028 903 1132 979 οὕτως

125 1007 321 1092 ἐπυθόμεθα
343 1006 446 1074 πάνθ’
469 1008 573 1093 ἡμεῖς,
596 1004 621 1074 ὦ
645 1011 764 1093 ἀνδρες
786 1012 949 1075 δικασταί·
973 1006 1027 1074 καὶ
1046 1007 1130 1091 λέγω
1151 1023 1183 1071 16

124 1109 186 1197 μέν
214 1115 296 1198 άπερ
323 1117 449 1198 ἥκουσα
476 1125 533 1198 τῆς
555 1118 687 1199 μητρός·
716 1116 802 1181 ούτω
826 1139 881 1199 μοι
903 1111 997 1180 πόλλ’
1020 1112 1130 1196 ἀγαθά

123 1218 273 1302 γένοιτο,
305 1223 336 1286 εί
367 1218 404 1286 δὲ
435 1222 618 1304 ψεύδομαι,
649 1221 806 1288 τάναντία
837 1222 975 1288 τούτων·
1011 1215 1032 1303 ἡ
1064 1220 1130 1303 μὴν

124 1327 209 1412 ὁρᾶν
243 1324 297 1391 καὶ
332 1338 388 1411 τῆς
422 1329 550 1392 τούτων
584 1331 705 1414 μητρὸς
739 1327 872 1393 ἀκούειν
907 1329 968 1412 έφη
1002 1333 1130 1408 κριθῶν

123 1429 187 1516 μὲν
213 1436 410 1518 βρεχθῆναι,
437 1432 491 1498 καλ
515 1432 771 1517 ξηραινομένους
794 1435 879 1498 ἰδεῖν
901 1433 1020 1516 αύτὴν,
1048 1428 1129 1515 μηδὲ

123 1551 212 1622 τρεῖς
234 1541 427 1622 μεδίμνους,
455 1538 605 1622 ἀλεύρων
629 1538 658 1605 δ’
683 1540 727 1616 ὡς
749 1538 981 1623 ἡμιμέδιμνον·
1018 1536 1151 1602 ἐλαίου’

124 1643 155 1709 δ’
180 1644 401 1729 ἀποκλιθῆναι
425 1642 485 1729 μὲν
508 1647 665 1729 κεράμιον
687 1646 842 1729 φάσκειν,
872 1645 913 1710 ού
935 1643 1048 1729 μέντοι
1070 1666 1129 1709 πα-

122 1759 203 1816 θεῖν
226 1747 255 1833 γ’
279 1749 386 1816 ούδέν.
432 1749 577 1834 τοσαῦτ’,
605 1747 630 1817 ὦ
654 1753 772 1834 ἀνδρες
796 1753 961 1834 δικασταί,
987 1751 1027 1814 τὰ
1050 1767 1130 1834 συμ
1224 1735 1226 1742 ’

123 1854 217 1942 βάντ’
241 1852 283 1940 ἡν
306 1857 445 1939 τούτοις,
468 1853 545 1921 ἀνθ’
569 1851 616 1922 ὧν
639 1856 703 1940 ἐγὼ
722 1861 839 1941 χιλίων
859 1859 1014 1941 δραχμῶν
1034 1857 1130 1939 δίκην

124 1963 283 2047 ἀτίμητον
306 1963 428 2046 φεύγω.

192 2065 273 2134 Εἶτα
301 2069 427 2132 τούτων
454 2067 741 2152 ἀναισχυντότεροι
757 2066 909 2150 ,γένοιντ’
935 2067 977 2133 ἀν
1000 2069 1131 2150 ἀνθρω-
1151 2083 1182 2132 1'1

122 2197 182 2240 ποι
209 2175 230 2259 ἡ
257 2173 535 2259 περιφανέστερον
562 2184 861 2258 συκοφαντοῦντες,
891 2176 1010 2251 οἵτινες
1037 2173 1130 2240 αὐτοὶ

123 2282 187 2362 τὴν
219 2280 376 2362 αἱμασιάν
408 2282 651 2362 προαγαγόντες
682 2276 736 2343 καὶ
767 2280 828 2362 τὴν
859 2279 939 2344 ὁδὸν
969 2279 1131 2365 ἀνακεχω-

7 2404 10 2421 ¹
123 2389 217 2462 κότες
252 2384 374 2469 ἑτέροις
406 2387 529 2469 βλάβης
562 2386 765 2468 δικάζονται,
797 2382 850 2449 καλ
882 2395 984 2450 ταῦτα
1015 2391 1131 2470 χιλίων

7 2474 10 2546 λ
125 2495 282 2576 δραχμῶν
313 2490 485 2574 ἀτίμητον,
515 2493 550 2556 οἵ
577 2489 607 2573 γ’
637 2487 716 2556 οὐδὲ
745 2495 946 2575 πεντήκοντα
976 2493 1131 2576 δραχμῶν

123 2600 163 2663 τὸ
189 2597 343 2680 παράπαν
371 2594 487 2661 ἅπαντ’
516 2595 758 2674 ἀπολωλέκασι;
789 2601 894 2662 καίτοι
918 2596 1077 2682 σκοπεῖτ’,
1105 2593 1130 2662 ὦ

124 2707 245 2787 ἀνδρες
277 2706 445 2785 δικασταί,
481 2705 606 2778 πόσους
636 2703 702 2768 ὑπὸ
734 2714 801 2766 τῶν
832 2703 964 2769 ὑδάτων
996 2703 1032 2768 ε’ν
1063 2715 1131 2780 τοῖς

6 2801 7 2810 ¹
125 2809 240 2894 ἀγροῖς
261 2809 448 2892 βεβλάφθαι
473 2807 674 2892 συμβέβηκε,
696 2809 735 2873 τὰ
758 2805 819 2892 μὲν
837 2807 1012 2893 Ἐλευσῖνι,
1034 2810 1074 2874 τὰ
1096 2808 1125 2875 δ’

125 2915 164 2981 ἐν
189 2927 258 2991 τοῖς
283 2916 395 2990 ἀλλοις
417 2917 537 2990 τόποις.
583 2911 718 2979 ἀλλὀὐ
741 2917 849 2998 δήπου
871 2917 1013 2997 τούτων,
1040 2911 1065 2980 ὦ
1088 2925 1129 3000 γῆ

124 3019 180 3086 καὶ
211 3025 305 3103 θεοί,
340 3021 428 3102 παρὰ
459 3031 526 3084 τῶν
558 3022 717 3102 γειτόνων
749 3019 882 3097 ἕκαστος
913 3020 1043 3098 ἀξιώσει
1074 3022 1131 3097 τὰς

126 3128 251 3210 βλάβας
278 3129 477 3210 κομίζεσθαι.
523 3124 577 3190 καὶ
605 3125 668 3208 ἐγὼ
696 3125 772 3209 μέν,
800 3125 840 3190 ὃν
866 3135 1030 3211 προσῆκεν
1047 3125 1130 3210 ἀγα·
1151 3143 1182 3190 18

125 3244 258 3296 νακτεῖν
286 3241 341 3314 τῆς
369 3233 452 3297 ὁδοῦ
480 3231 670 3314 στενοτέρας
697 3231 914 3316 γεγενημένης
936 3231 990 3297 καὶ
1014 3254 1130 3316 μετεω-

126 3336 277 3420 ροτέρας,
303 3337 444 3421 ἡσυχίαν
467 3340 542 3420 ἔχω·
572 3338 701 3412 τούτοις
720 3336 756 3401 δὲ
773 3343 937 3400 τοσοῦτον
954 3337 1130 3419 περίεστιν,

126 3445 170 3520 ὡς
192 3446 309 3524 ἔοικεν,
333 3443 414 3507 ὥστε
436 3446 514 3519 τοὺς
533 3441 752 3526 ἠδικημένους
769 3453 1130 3526 προσσυκοφαντοῦσιν.

125 3553 244 3635 καίτοι,
264 3544 288 3617 ὦ
304 3551 507 3632 Καλλίκλεις,
526 3550 557 3618 εί
573 3547 627 3619 καὶ
646 3549 726 3637 ὑμῖν
744 3549 1008 3640 περιοικοδομεῖν
1027 3548 1130 3634 ἔξεστι
