2668 4002
494 236 515 287 1.
534 233 730 288 ΔΘΗΝΔΙΟΣ.
1095 230 1113 294 7

107 391 246 475 άριστον
274 395 426 477 δεῖπνον,
455 396 492 459 τὸ
521 389 552 457 δ’
580 390 757 477 ἑσπέρισμα
785 395 987 477 δορπηστόν,
1018 393 1055 458 τὸ
1080 387 1116 456 δὲ

108 498 248 562 δεῖπνον
278 497 482 583 ἐπιδορπίδα.
532 509 589 583 τής
619 493 656 563 δέ
683 499 835 582 τετάρτης
860 507 985 583 τροφής
1013 498 1150 574 οὕτωςε

101 601 245 687 Ὀμηρος
267 604 440 688 μέμνηται·
464 604 517 669 “σὺ
542 601 572 668 δ’
594 607 687 689 ἔρχεο
710 602 916 689 δειελιήσας’,
939 603 957 668 δ
977 607 1119 669 καλοῦσί
1125 618 1212 686 ρεθε.

107 732 196 785 τινες
219 711 376 792 δειλινόν,
399 709 417 774 ὅ
442 709 509 775 έστι
532 709 651 794 μεταξὺ
670 720 730 775 τοῦ
748 707 804 795 ὑφ’
824 709 916 794 ήμῶν
936 707 1115 794 λεγομένου

108 813 247 898 ἀρίστου
277 812 331 879 καλ
361 817 508 881 δείπνου.
552 813 607 880 καλ
637 817 772 901 άριστον
801 813 862 900 μέν
890 814 959 880 έστι
985 817 1023 880 τδ
1051 813 1116 879 ὑπὸ

108 921 171 1003 τήν
194 919 237 985 ἕω
261 923 528 1005 λαμβανόμενον,
552 923 689 987 δεῖπνον
713 917 750 986 δὲ
772 924 809 986 τὸ
832 918 1115 1005 μεσημβρινόν,δ

109 1025 203 1110 ἡμεῖς
230 1027 384 1110 άριστον,
411 1028 538 1112 δόρπον
566 1023 603 1092 δὲ
625 1029 662 1092 τὸ
687 1024 869 1112 ἑσπερινόν.
914 1026 1117 1110 εὐωχοῦνται

109 1127 147 1196 δὲ
166 1128 242 1214 παρ’
255 1129 386 1221 Ὁμήρῳ
405 1134 598 1216 καθήμενοι.
629 1139 754 1198 οίονται
774 1131 814 1196 δέ
823 1154 910 1207 τινες
923 1129 977 1195 καλ
993 1128 1116 1219 ἑκάστῳ

109 1249 177 1303 τῶν
196 1240 406 1321 δαιτυμόνων
424 1234 493 1303 κατ’
512 1239 618 1321 ἄνδρα
636 1245 856 1323 παρακεῖσθαι
873 1238 1043 1322 τράπεζαν.
1071 1245 1115 1324 τῳ

109 1354 194 1426 γοῦν
216 1343 348 1430 Μέντη,
375 1346 494 1427 φασίν,
516 1341 705 1432 ἀφικομένῳ
728 1344 810 1427 πρὸς
836 1341 1026 1426 Τηλέμαχον
1049 1354 1213 1408 τωνα138.

109 1453 275 1533 τραπεζῶν
297 1445 545 1533 παρακειμένων
569 1447 663 1533 ξεστὴ
686 1447 851 1534 παρετέθη
870 1447 1017 1532 τράπεζα.
1054 1447 1115 1512 οὐκ
1135 1466 1150 1512 3

110 1557 178 1619 έστι
202 1550 239 1620 δὲ
261 1565 358 1620 τοῦτο
383 1553 535 1638 ἐμφανῶς
553 1565 612 1620 τοῦ
629 1553 847 1640 προκειμένου
866 1570 1116 1619 κατασκευαστι-

110 1663 184 1725 κόν·
208 1661 346 1725 δύναται
369 1661 431 1743 γάρ
454 1659 474 1742 ή
491 1655 615 1743 Ἀθηνᾶ
639 1658 701 1726 άπὸ
719 1669 775 1744 τής
794 1660 983 1743 Τηλεμάχου
1001 1658 1117 1743 τραπέ-

112 1769 166 1848 ζης
184 1763 373 1830 δαίνυσθαι.
402 1761 477 1850 παρ’
497 1765 578 1848 ὅλην
598 1761 634 1830 δὲ
652 1767 712 1850 τήν
730 1769 912 1831 συνουσίαν
926 1762 1116 1848 παρέκειντο

112 1872 149 1935 αλ
164 1871 315 1956 τράπεζαι
328 1873 473 1956 πλήρεις,
492 1871 536 1947 ὡς
548 1871 635 1955 παρά
652 1877 786 1947 πολλοῖς
799 1881 865 1936 τῶν
879 1871 1056 1955 βαρβάρων
1070 1873 1117 1935 ἔτι

111 1975 166 2041 καλ
184 1987 248 2042 νῦν
267 1979 345 2052 ἔθος
363 1975 447 2059 έστί,
465 1975 671 2060 εκατηρεφέες
689 1980 855 2041 παντοίων
873 1974 1022 2057 ἀγαθῶν
1037 1977 1116 2040 κατὰ

108 2081 335 2165 Ἀνακρέοντα.
367 2086 582 2166 παρετίθεντο
601 2078 638 2147 δδ
657 2084 693 2148 οί
708 2079 768 2167 μέν
788 2083 880 2167 άρτοι
899 2083 962 2146 σὺν
980 2093 1049 2157 τοῖς
1061 2105 1117 2146 κα-

110 2199 192 2272 νοῖς,
210 2188 250 2252 τδι
270 2183 306 2252 δὲ
325 2189 442 2251 δεῖπνα
460 2186 539 2270 κρέα
558 2190 663 2270 μόνον
683 2183 725 2271 ήν
744 2187 835 2252 ὀπτά.
864 2184 998 2251 καὶτῶν
1011 2199 1117 2271 κρεῶν

113 2290 149 2359 δὲ
167 2303 279 2378 μοῖραι
294 2292 462 2377 ἐνέμοντο·
482 2293 564 2358 ὅθεν
583 2292 671 2370 ἐίσας
688 2291 770 2378 φησλ
788 2294 845 2370 τδις
859 2294 971 2368 δαῖτας
984 2291 1047 2357 ἀπὸ
1061 2303 1117 2376 τής

114 2401 269 2482 ἰσότητος.
287 2399 326 2462 τά
340 2399 402 2483 γάρ
419 2400 535 2463 δεῖπνα
546 2400 657 2475 δαῖτας
668 2402 782 2482 ἔλεγον
792 2398 855 2464 ἀπὸ
866 2407 925 2464 τοῦ
935 2401 1117 2482 δατεῖσθαι,

114 2503 154 2568 οὐ
172 2505 276 2587 μόνον
295 2514 361 2568 τῶν
380 2515 486 2588 κρεῶν
505 2503 752 2588 διανεμομένων
770 2503 854 2570 ἀλλὰ
867 2502 921 2568 καλ
935 2514 995 2569 τοῦ
1010 2511 1117 2570 οῖνον·

220 2608 297 2691 ήδη
322 2605 381 2692 μὲν
405 2610 515 2685 δαιτὸς
537 2613 744 2693 κεκορήμεθα
765 2610 878 2693 θυμὸν
901 2607 1011 2692 έίσης.’
1028 2628 1103 2681 θεῖ.

114 2714 148 2779 έκ
170 2715 297 2779 τούτων
321 2709 351 2777 δ’
375 2712 511 2796 έπείσθη
532 2716 719 2804 Ζηνόδοτος
737 2715 832 2779 δαῖτα
851 2713 943 2797 έίσην
960 2716 1021 2798 τήν
1039 2715 1118 2797 άηια-

113 2821 180 2902 θήν
203 2816 367 2901 λέγεσθαι.
404 2816 473 2883 ἐπεὶ
493 2820 554 2901 γάρ
569 2813 593 2902 ἡ
611 2821 717 2904 τροφή
735 2829 780 2907 τῳ
800 2818 967 2908 ἀνθρώπῳ
986 2819 1116 2903 ἀγαθὸν
1134 2839 1152 2886 4

114 2923 292 3006 ἀναγκαῖον
314 2919 373 3007 ήν,
396 2915 595 3009 έπέκτείνας,
618 2929 732 3009 φησίν,
755 2932 885 3010 είρηκεν
908 2925 1013 3009 ἐίσην·
1047 2925 1116 2993 ἐπεὶ

114 3031 148 3094 ολ
162 3040 284 3113 πρῶτοι
308 3030 492 3114 ἅνθρωποι,
516 3022 566 3107 οἷς
585 3032 625 3114 δή
645 3031 686 3096 οὐ
703 3041 812 3116 παρήν
831 3032 982 3115 ἄφθονος
999 3034 1117 3116 τροφή,

114 3136 185 3218 άριι
207 3133 408 3219 φαινομένης
432 3133 559 3220 ἁθρόον
583 3134 632 3202 ἐπ’
656 3137 760 3220 αὐτήν
779 3139 884 3213 ίόντες
901 3141 958 3223 βίῳ
972 3137 1116 3220 ήρπαξον

114 3237 166 3304 καλ
194 3238 383 3324 ἀφηροῦντο
411 3245 489 3318 τοὺς
514 3244 664 3327 ἔχοντας,
694 3241 748 3306 καλ
773 3243 852 3326 μετὰ
877 3252 935 3325 τῆς
959 3241 1116 3326 ἀκοσμίας

114 3344 262 3428 ἐγίνοντο
291 3344 346 3410 καλ
375 3349 481 3430 φόνοι.
528 3346 560 3424 ἐξ
591 3342 638 3412 ὧν
667 3349 753 3424 εἰκὸς
783 3354 941 3433 λεχθῆναι
970 3346 1025 3412 καλ
1055 3350 1116 3432 τήν

113 3451 327 3534 ἀτασθαλίαν,
346 3452 395 3517 ὅτι
415 3452 450 3518 έν
468 3464 539 3529 ταῖς
556 3456 689 3529 θαλίαις
707 3454 746 3518 τά
764 3465 875 3538 πρῶτα
893 3452 1115 3540 ἐξημάρτανον

114 3557 148 3633 ρί
171 3557 345 3649 ἄνθρωποι
372 3561 420 3642 εἰς
442 3557 611 3652 ἀλλήλους.
659 3559 702 3645 ὡς
726 3555 762 3625 δὲ
785 3558 980 3652 παρεγένετο
1005 3560 1116 3648 αὐτοῖς
