2668 4002
201 193 246 256 34
541 197 587 247 IX.
607 195 865 248 ΠΛΟΤΤΑΡΧΟΣ.

167 363 308 440 8σχῆμα
340 354 394 420 καὶ
426 357 544 440 ἀτιμον
576 355 876 440 ἀναλαμβάνουσαι.
922 366 1023 421 ταῦτα
1055 351 1116 439 μὲν
1145 345 1216 420 οὖν

200 463 432 548 προστάγματα
455 463 625 527 δεσποτῶν
648 463 728 540 ὄντα
751 461 805 527 καὶ
826 461 905 546 μετά
923 466 1046 544 πολλῆς
1065 460 1208 542 ἀνάγκης

124 653 127 657 ¹
200 571 422 654 περαινόμενα
449 566 504 632 καὶ
531 569 610 652 μετδ
638 571 772 652 φθόνου
799 580 866 632 τῶν
888 570 1056 651 τυχόντων
1078 565 1132 631 καὶ
1155 569 1208 650 μί-

202 691 281 751 σους
303 685 369 739 τῶν
393 673 596 758 βιαζομένων
620 674 775 758 οὐδεμιᾶς
797 675 927 758 χάριτος
946 668 987 756 ἦν
1007 671 1085 737 οὐδὲ
1103 681 1208 755 τιμῆς,

202 781 304 862 όγκου
333 776 371 845 δὲ
397 783 602 865 βαρβαρικοῦ
627 778 682 844 καὶ
704 789 829 864 τρυφῆς
851 777 906 844 καὶ
929 779 1118 857 ἀλαζονείας
1139 777 1208 842 έπί-

203 886 302 963 δειξις
321 888 367 962 εἰς
385 887 464 950 κενά
482 884 537 950 καὶ
556 888 656 970 άζηλα
673 888 733 969 τὴν
747 890 941 969 περιουσίαν
954 881 1207 968 διατιθεμένων·

201 991 286 1076 ἀνὴρ
315 989 351 1056 δὲ
378 993 553 1076 δημοτικὸς
577 990 629 1057 ἐπὶ
653 991 746 1075 ξένης
768 992 951 1076 τεθνηκώς,
979 990 1019 1056 ού
1042 973 1223 1073 γυναικός,Ι

202 1098 242 1163 οὐ
261 1100 401 1182 παίδων,
420 1098 461 1164 οὐ
480 1108 650 1180 συγγενῶν
668 1101 854 1180 παρόντων,
873 1097 914 1162 οὐ
933 1095 1094 1180 δεομένου
1108 1098 1209 1177 τινός,

202 1205 264 1269 οὐκ
293 1204 546 1288 ἀναγκάζοντος,
573 1204 638 1269 ύπὸ
667 1205 781 1288 δήμων
808 1205 975 1269 τοσούτων
1002 1200 1056 1266 καὶ
1079 1205 1209 1267 πόλεων

202 1309 438 1394 ἁμιλλωμένων
461 1313 733 1394 προπεμπόμενος
750 1307 805 1375 καὶ
824 1311 1136 1392 συνεκκομιζόμενος
1155 1305 1208 1372 καὶ

203 1419 465 1501 στεφανούμενος
489 1420 621 1493 είκότως
644 1416 751 1481 ἐδόκει
773 1417 832 1481 τὸν
854 1417 1059 1480 τελειότατον
1077 1412 1209 1497 ἀπέχειν

167 1539 182 1586 9
203 1523 470 1607 εὐδαιμονισμόν.
507 1522 548 1588 ού
571 1523 645 1607 γάρ,
668 1523 712 1597 ὡς
735 1528 888 1598 Αἴσωπος
912 1523 1043 1606 ἔφασκε,
1065 1521 1208 1605 χαλεπώ-

202 1633 297 1706 τατός
327 1629 416 1694 ἐστιν
447 1629 464 1696 ὁ
495 1641 561 1693 τῶν
591 1629 819 1713 εὐτυχούντων
848 1629 1008 1710 θάνατος,
1038 1625 1121 1690 ἀλλά
1150 1649 1210 1709 μα-

202 1737 416 1819 καριώτατος,
443 1739 490 1812 είς
517 1734 649 1818 ἀσφαλῆ
673 1736 784 1819 χώραν
806 1735 863 1810 τὰς
886 1731 1061 1818 εὐπραξίας
1082 1755 1210 1796 κατατι-
1320 1767 1321 1818 3

203 1839 343 1924 θέμενος
379 1853 445 1906 τῶν
482 1840 619 1923 ἀγαθῶν
651 1838 705 1905 καὶ
737 1841 840 1923 τύχην
871 1839 1133 1923 μεταβάλλεσθαι
1165 1838 1209 1920 μη
1320 1869 1321 1894 ;

153 1962 185 2013 10
204 1944 402 2012 ἀπολείπων.
449 1949 501 2012 διὸ
529 1946 661 2030 βέλτιον
689 1946 706 2013 ὁ
730 1946 852 2010 Λάκων
877 1948 936 2010 τὸν
955 1941 1210 2026 Ὀλυμπιονίκην

203 2056 375 2137 Διαγόραν
404 2051 559 2118 έπιδόντα
588 2049 649 2136 μὲν
671 2052 766 2127 υίοὺς
789 2050 1076 2134 στεφανουμένους
1095 2047 1210 2132 Ὀλυμ-

202 2162 328 2242 πίασιν,
352 2158 508 2223 ἐπιδόντα
533 2155 562 2222 δ’
584 2158 728 2233 υίωνοὺς
750 2158 804 2221 καλ
823 2157 1048 2240 θυγατριδοῦς
1066 2154 1210 2220 ἀσπασά-

204 2289 302 2349 μενος
324 2262 504 2329 ’Κάτθανέ
528 2259 597 2328 εἷπε
617 2263 791 2347 “Διαγόρα·
817 2261 876 2326 οὐκ
899 2265 945 2338 είς
967 2263 1026 2327 τὸν
1040 2258 1210 2344 Ὄλυμπον

204 2368 374 2456 ἀναβηση.’
407 2370 464 2445 τάς
488 2365 525 2433 δὲ
543 2365 764 2450 Ὀλυμπιακὰς
785 2366 839 2432 καὶ
859 2368 1013 2442 Πυθικάς
1034 2370 1128 2442 νίκας
1150 2366 1211 2431 οὐκ

203 2479 257 2562 ἀν,
280 2473 383 2560 οἶμαι,
405 2473 454 2550 τὶς
476 2476 522 2550 είς
541 2476 578 2539 τὸ
598 2473 678 2538 αὐτὸ
698 2471 834 2548 συνθεὶς
852 2471 978 2548 ἁπάσας
996 2469 1046 2536 ἑνὶ
1064 2483 1131 2536 τῶν
1145 2476 1212 2536 Πε-

204 2584 344 2648 λοπίδου
372 2585 576 2665 παραβαλεῖν
604 2579 743 2662 ἀγώνων
772 2577 956 2661 ἀξιώσειεν,
984 2577 1042 2653 οὓς
1068 2581 1212 2655 πολλοὺς

204 2687 450 2771 ἀγωνισάμενος
473 2684 527 2750 καὶ
551 2687 765 2769 κατορθώσας
794 2685 849 2751 καί
882 2693 942 2748 τοῦ
964 2687 1040 2767 βίου
1063 2686 1100 2749 τὸ
1123 2689 1212 2749 πλεῑ-

205 2812 285 2859 στου
309 2792 345 2858 έν
369 2791 447 2878 δόξη
471 2789 525 2856 καὶ
548 2800 623 2876 τιμῇ
647 2793 781 2874 βιώσας,
803 2789 895 2866 τέλος
919 2788 954 2854 ἐν
973 2799 1012 2874 τῇ
1031 2791 1212 2872 τρισκαιδε-
1320 2855 1321 2872 ,

204 2901 284 2985 κάτη
303 2903 512 2987 βοιωταρχίᾳ,
530 2902 793 2984 τυραννοκτονίᾳ
810 2893 1028 2983 μεμειγμένην
1045 2894 1212 2978 ἀριστείαν

206 3004 404 3090 ἀριστεύων,
431 3000 513 3087 ὑπὲρ
542 3011 598 3087 τῆς
625 3013 692 3066 τῶν
716 3005 895 3066 Θεσσαλῶν
923 2999 1114 3086 ἐλευθερίας
1136 2999 1212 3065 ἀπέ-

204 3116 321 3174 θανεν.
