2668 4002
479 253 525 304 IV.
544 249 804 302 ΔΗΜΟΣΘΕΝΗΣ.
1104 244 1144 308 19

141 409 202 492 την
230 409 348 493 άηδίαν
376 411 437 493 τὴν
465 410 500 475 ἐκ
527 421 587 477 τοῦ
611 411 805 494 πράγματος.
851 411 882 473 εί
903 412 1019 473 τοίνυν
1041 402 1145 490 μηδὲν

142 511 239 596 ἀηδὲς
261 511 303 598 ἦν
327 516 363 581 ἐκ
380 517 518 600 τούτων,
541 511 616 600 μηδ’
634 516 718 592 ὅλως
736 515 902 580 ἀδύνατον
920 514 1040 579 ταύτὸν
1059 515 1145 596 ἔχειν

142 618 234 703 ὄνομ’
257 620 336 704 ἡμῖν
359 620 571 706 συνέβαινεν,
595 622 636 688 οὐ
659 624 767 706 δηπου
789 632 908 687 τοῦτον
932 616 992 705 μὲν
1016 621 1145 684 δίκαιον

141 728 178 790 τὸ
201 725 299 810 μέρος
320 737 387 791 τῶν
410 727 498 811 ἐμῶν
520 728 695 812 χρημάτων
719 730 804 812 ἔχειν
822 728 903 792 κατά
921 726 982 808 την
1000 728 1145 806 ποίησιν,

141 831 183 914 ἣν
202 833 220 898 ὁ
238 833 344 915 πατὴρ
363 832 464 898 αὐτὸν
482 831 702 916 ἀναγκασθεὶς
720 832 906 916 ἐποιήσατο,
925 827 981 914 ἐμὲ
1000 828 1030 894 δ’
1049 828 1145 913 άφαι-

142 944 281 1023 ρεθῖγναι
313 939 474 1022 τοῦνομα,
511 939 528 1003 ὃ
560 937 761 1023 βουλόμενος
792 936 846 1003 καὶ
879 934 950 1002 οὐδ’
982 933 1039 1021 ὑφ’
1072 933 1146 1010 ἑνὸς

141 1042 292 1126 βιασθεὶς
310 1047 414 1110 ἐθετο.
448 1045 508 1110 οὐκ
527 1042 622 1128 ἔγωγ’
640 1044 792 1128 ἡγοῦμαι.
822 1045 877 1108 ἵνα
895 1047 1009 1108 τοίνυν
1028 1043 1146 1123 είδητε,

143 1148 192 1213 ὅτι
220 1149 261 1214 οὐ
288 1154 392 1233 μόνον
416 1152 463 1226 είς
485 1153 562 1227 τοὺς
584 1151 747 1235 φράτερας
770 1151 889 1232 οὕτως,
917 1149 961 1225 ὡς
984 1148 1145 1232 μεμαρτύ-

143 1278 248 1340 ρηται,
271 1256 288 1321 ὁ
312 1257 417 1341 πατὴρ
436 1257 496 1340 την
515 1255 684 1340 ἐγγραφὴν
703 1255 888 1339 ἐποιήσατο,
912 1254 994 1318 ἀλλὰ
1012 1251 1067 1318 καὶ
1084 1253 1145 1336 την

143 1363 282 1445 δεκάτην
304 1359 378 1446 ἐμοὶ
396 1373 501 1427 ποιῶν
519 1363 665 1446 τοῦνομα
684 1359 770 1427 τοῦτ’
789 1365 896 1444 ἔθετο,
919 1358 1001 1443 λαβέ
1017 1383 1072 1443 μοι
1090 1357 1145 1423 καὶ

142 1468 265 1550 ταύτην
286 1468 346 1550 τὴν
370 1472 560 1551 μαρτυρίαν.
599 1475 814 1545 [Testimonium
833 1473 956 1546 legitur]

204 1571 343 1657 Ἐτόίμα
369 1578 484 1639 τοίνυν
511 1576 593 1658 πρὸς
619 1583 664 1660 τῷ
693 1575 840 1658 διαιτητῇ
868 1568 988 1656 πρᾶγμ’
1015 1569 1143 1635 ἀναιδέ-
1165 1589 1196 1636 1ο

143 1696 261 1745 στατου
289 1678 412 1763 λέγειν,
445 1681 488 1755 ὡς
515 1680 532 1745 ὁ
561 1681 666 1764 πατὴρ
694 1680 797 1745 αὑτοῦ
826 1677 965 1760 δεκάτην
994 1677 1145 1759 ἐποίησεν

144 1785 252 1867 ὥσπερ
279 1783 360 1868 ἐμοῦ
387 1784 441 1850 καί
464 1787 610 1869 τοῦνομα
632 1783 720 1850 τοῦτ’
748 1781 833 1851 ἔθετ’
857 1783 962 1869 αὐτῷ,
988 1781 1042 1848 καὶ
1065 1781 1146 1866 μάρ-

142 1890 242 1975 τυράς
265 1914 358 1967 τινας
384 1896 571 1976 παρείχετο,
599 1883 648 1967 οἷς
671 1890 795 1968 ἐκεῖνος
818 1886 1020 1956 οὐδεπώποτ’
1046 1889 1144 1971 ὤφθη

142 1998 317 2081 χρώμενος.
362 1997 425 2079 ἐγὼ
456 1994 485 2062 δ’
518 1995 628 2062 οὐδέν’
655 1998 749 2081 ὑμῶν
776 1996 910 2080 ἀγνοεῖν
937 2002 1063 2079 οῖομαι,
1095 1994 1145 2058 ὅτι

143 2099 212 2166 οὔτ’
237 2101 279 2166 διν
307 2101 459 2186 ἐποίησεν
486 2105 624 2187 δεκάτην
647 2104 758 2179 οὐδεὶς
779 2105 913 2168 παιδίον
937 2102 980 2186 μὴ
1004 2103 1146 2184 νομίζων

143 2207 245 2273 αὑτοῦ
269 2209 403 2284 δικαίως
424 2204 521 2291 εἶναι,
544 2209 619 2273 οὔτε
642 2211 779 2290 ποιήσας
801 2207 856 2272 καὶ
875 2206 1020 2291 στέρξας,
1043 2206 1086 2282 ὡς
1104 2204 1146 2269 άν

143 2313 219 2378 νίόν
246 2337 295 2388 τις
325 2312 468 2395 στέρξαι,
500 2314 599 2379 πάλιν
630 2313 763 2398 ἔξαρνος
793 2312 949 2396 ἐτόλμησε
979 2311 1145 2395 γενέσθαι.

144 2414 223 2482 οὐδὲ
245 2419 307 2502 γὰρ
331 2425 365 2482 εί
383 2442 414 2482 τι
437 2428 475 2503 τῇ
499 2417 596 2502 μητρὶ
618 2421 700 2502 πρὸς
723 2419 825 2502 ὀργὴν
848 2413 932 2502 ἦλθε
949 2427 989 2503 τῇ
1007 2419 1145 2500 τούτων,
1166 2435 1197 2482 16

143 2525 280 2600 τούτους
308 2523 350 2589 άν
381 2524 498 2608 ἐμίσει,
527 2528 670 2608 νομίζων
701 2524 803 2590 αὑτοῦ
833 2521 933 2590 εἶναι·
967 2527 1052 2589 πολὺ
1082 2525 1145 2607 γάρ

144 2635 269 2714 μᾶλλον
287 2631 458 2712 εἰώθασιν,
482 2624 528 2694 ὧν
547 2629 588 2694 άν
608 2628 736 2706 ἑαυτοῖς
753 2632 971 2714 διενεχθῶσιν
989 2628 1073 2715 ἀνὴρ
1091 2627 1146 2694 καὶ

143 2737 228 2819 γυνη
235 2784 243 2816 ,
267 2736 322 2800 διά
344 2737 421 2811 τοὺς
443 2737 561 2811 παῖδας
583 2737 875 2818 καταλλάττεσθαι,
897 2735 918 2820 ἢ
942 2733 986 2800 δι’
1010 2735 1052 2800 δν
1075 2733 1145 2799 άδι-

143 2848 292 2926 κηθῶσιν
314 2837 371 2925 ὑφ’
399 2840 524 2925 αὑτῶν,
547 2844 624 2919 τοὺς
646 2844 779 2918 κοινοὺς
801 2843 919 2918 παῖδας
941 2853 1144 2924 προσμισεῖν.

143 2945 184 3010 οὐ
211 2948 326 3010 τοίνυν
353 2943 389 3010 ἐκ
410 2946 537 3010 τούτων
560 2943 625 3010 ἔστ’
653 2947 737 3009 ίδεῖν
760 2947 865 3028 μόνον
872 2993 881 3026 ,
908 2945 958 3009 ὅτι
980 2947 1146 3030 ψεύσεται,

143 3048 231 3115 ταῦτ’
254 3050 312 3116 ἐάν
334 3049 425 3136 λέγη,
447 3049 530 3115 ἀλλὰ
553 3048 632 3135 πρὶν
654 3049 809 3135 ἡμέτερος
827 3051 967 3135 φάσκειν
985 3052 1146 3135 συγγενὴς

143 3153 244 3240 εἶναι,
273 3158 320 3232 είς
337 3152 568 3222 Ἱπποθωντίδ’
596 3155 710 3241 ἐφοίτα
736 3157 846 3241 φυῖην
873 3159 920 3232 είς
946 3158 1064 3234 παῖδας
1091 3183 1146 3243 χο-

143 3264 280 3347 ρεύσων.
312 3266 417 3328 καίτοι
439 3266 488 3338 τίς
511 3261 552 3327 άν
571 3262 664 3346 ὑμῶν
683 3269 785 3328 οίεται
803 3263 863 3345 τὴν
882 3260 1003 3347 μητέρα
1021 3261 1145 3347 πέμψαι
1166 3281 1195 3329 11

143 3378 261 3434 τοῦτον
290 3370 337 3445 είς
362 3369 485 3452 ταύτην
512 3368 572 3450 τὴν
598 3370 727 3453 φυλην,
756 3369 849 3433 δεινὰ
877 3367 953 3451 μέν,
983 3369 1026 3444 ὥς
1053 3367 1145 3453 φησ’,

142 3474 206 3539 ὑπὸ
234 3484 293 3539 τοῦ
319 3476 440 3558 πατρὸς
466 3481 690 3555 πεπονθυῖαν,
719 3474 858 3557 δεκάτην
881 3471 912 3537 δ’
938 3474 1067 3538 είδυῖαν
1090 3497 1145 3540 πε-

142 3577 289 3663 ποιηκότ’
319 3579 446 3645 ἐκεῖνον
477 3579 531 3644 καὶ
563 3582 662 3646 πάλιν
692 3579 830 3665 ἔξαρνον
860 3581 957 3658 ὄντας
990 3580 1053 3664 ἐγὼ
1083 3577 1144 3665 μέν

949 3688 986 3736 2*
