2668 4002
175 223 217 286 10
561 224 580 274 1
599 221 798 274 ΔΘΗΝΔΙΟΣ.

139 383 228 453 ικαὶ
251 384 311 468 τήν
334 386 416 467 πρὸς
434 380 526 470 ᾠδήν
546 383 695 466 όρχησιν·
719 381 920 464 Δημοδόκου
939 389 1022 462 γοῦν
1040 375 1179 466 ᾅδοντος

68 509 163 561 θεοκ.
173 501 289 575 κοῦροι
316 492 492 574 πρωθῆβαι
522 487 703 572 ὠρχοῦντο·
734 484 787 552 καί
811 485 847 551 ἐν
870 496 909 571 τή
927 483 1119 572 Ὁπλοποιίᾳ
1142 480 1179 548 δὲ

173 598 290 672 παιδὸς
312 599 538 680 κιθαρίζοντος
561 595 655 658 ἀλλοι
676 593 820 658 ἐναντίοι
838 598 945 677 μολπή
968 615 1002 657 τε
1021 592 1177 679 ὀρχηθμῷ

69 720 97 770 Σ
104 723 164 772 5⁷2.
175 726 208 768 τε
237 705 398 786 ἔσκαιρον.
445 700 588 785 ἐχρῶντο
617 695 654 765 δὲ
680 697 735 764 καί
761 699 876 775 αὐλοῖς
897 696 952 763 καὶ
975 697 1124 783 σύριγξιν
1147 697 1183 762 οἱ

87 827 163 878 Κ13.
173 810 286 893 ήρωες.
332 807 349 873 ὁ
373 817 457 889 γοῦν
477 804 689 890 Ἀγαμέμνων
713 803 841 869 εαὐλῶν
864 808 1031 890 συρίγγων
1052 801 1082 869 τ’
1108 803 1180 868 ένο-

174 913 256 999 πήν’
280 912 401 978 ἀκούει.
447 915 493 988 είς
517 907 553 976 δὲ
576 911 614 976 τά
638 913 804 994 συμπόσια
828 911 868 976 οὐ
890 913 1071 996 παρήγαγε·
1094 911 1180 994 πλήν

71 1021 211 1090 Σινοέν
233 1029 273 1105 τῇ
292 1017 483 1105 Ὁπλοποιίᾳ
504 1019 619 1102 γάμων
638 1016 824 1101 γινομένων
843 1017 955 1083 αὐλῶν
972 1016 1180 1102 μνημονεύει.

174 1138 243 1202 τοῖς
261 1121 298 1190 δὲ
317 1125 495 1209 βαρβάροις
513 1122 695 1189 ἀποδίδωσι
714 1126 791 1200 τοὺς
809 1124 944 1200 αὐλούς·
966 1123 1054 1207 παρά
1072 1120 1181 1207 Τρωσὶ

141 1253 156 1301 5
175 1242 258 1316 γοῦν
281 1226 324 1315 ήν
347 1230 458 1296 αὐλῶν
481 1234 649 1316 συρίγγων
672 1226 700 1294 τ’
723 1230 833 1313 ένοπή.
874 1230 1034 1295 ἔσπενδον
1057 1224 1093 1292 δὲ
1117 1227 1180 1293 ἀπὸ

175 1349 242 1403 τῶν
270 1338 414 1402 δείπνων
442 1335 641 1413 ἀναλύοντες
668 1333 721 1400 καί
748 1336 806 1412 τάς
834 1337 980 1412 σπονδὰς
1008 1335 1181 1400 ἐποιοῦντο

78 1441 273 1528 ηιειἚρμή
306 1440 360 1507 καὶ
393 1442 453 1528 οὐχ
487 1443 531 1519 ὡς
561 1442 701 1526 ὕστερον
734 1439 793 1506 Διὶ
824 1445 945 1530 τελείῳ.
996 1443 1089 1507 δοκεῖ
1117 1440 1181 1524 γάρ

171 1547 290 1634 Ἑρμῆς
316 1549 424 1614 ὕπνου
452 1548 634 1631 προστάτης
661 1543 755 1612 εἶναι.
800 1546 854 1612 καί
882 1549 917 1614 os
940 1557 1121 1632 μνηστῆρες
1143 1542 1182 1610 δὲ

79 1674 166 1725 αισι.
176 1651 251 1740 παρ’
280 1654 367 1740 αὐτῷ
397 1653 561 1719 πεσσοῖσι
588 1653 794 1738 προπάροιθε
821 1654 974 1738 θυράων’
999 1651 1181 1738 ἐτέρποντο.

175 1757 293 1825 Ἀπίων
324 1755 360 1824 δέ
390 1760 409 1825 ὁ
435 1756 666 1844 Ἀλεξανδρεὺς
695 1756 750 1823 καὶ
780 1757 953 1843 ἀκηκοέναι
983 1758 1063 1843 φησὶ
1093 1758 1181 1841 παρά

177 1877 237 1933 τοῦ
252 1865 443 1948 Ἰθακησίου
460 1867 637 1948 Κτήσωνος
654 1866 716 1948 τήν
735 1876 800 1929 τῶν
819 1867 1015 1950 μνηστήρων
1033 1867 1182 1930 πεττείαν

144 1986 160 2035 ο
179 1973 232 2038 οἵα
255 1966 306 2054 ήν.
352 1971 447 2037 “όκτὼ
471 1971 557 2055 γάρ’,
580 1973 676 2053 φησί,
704 1968 770 2034 ’καὶ
795 1967 908 2036 ἑκατὸν
932 1972 1024 2046 ὄντες
1047 1971 1082 2034 οί
1101 1993 1182 2053 μνη-

179 2088 293 2163 στῆρες
312 2080 501 2142 διετίθεσαν
518 2078 649 2159 ψήφους
668 2074 818 2152 ἐναντίας
831 2075 997 2159 ἀλλήλαις,
1016 2082 1088 2152 ίσας
1101 2077 1182 2157 πρὸς

180 2190 251 2260 ῖσας
273 2184 332 2248 τὸν
355 2181 516 2266 ἀριθμόν,
540 2182 673 2262 ὅσοιπερ
697 2177 781 2264 ήσαν
803 2179 857 2246 καὶ
881 2181 986 2247 αὐτοί·
1029 2185 1182 2264 γίνεσθαι

179 2284 241 2355 οὖν
264 2286 468 2372 ἑκατέρωθεν
492 2283 525 2351 δ’
549 2284 603 2351 καὶ
626 2290 836 2370 πεντήκοντα.
878 2289 914 2352 τὸ
938 2282 968 2352 δ’
994 2285 1058 2352 ἀνά
1081 2285 1182 2371 με’σον

179 2396 305 2460 τούτων
333 2395 496 2459 διαλιπεῖν
525 2392 651 2475 ὀλίγον·
686 2391 722 2457 έν
750 2388 786 2457 δὲ
809 2402 852 2481 τῷ
877 2395 1054 2482 μεταιχμίῳ
1077 2394 1182 2481 τούτῳ

180 2505 258 2586 μίαν
283 2498 414 2564 τιθέναι
445 2508 574 2582 ψήφου,
605 2499 647 2581 ήν
679 2504 791 2565 καλεῖν
824 2500 943 2576 αὐτοὺς
967 2502 1182 2584 Πηνελόπην

147 2604 235 2670 ικαὶ
257 2603 492 2690 κληρουμένων
514 2606 573 2670 τὸν
596 2608 737 2689 λαχόντα
762 2607 973 2690 στοχάζεσθαι
992 2606 1118 2689 ταύτης.
1153 2607 1185 2670 εί

181 2711 221 2777 δέ
245 2736 294 2788 τις
319 2712 412 2796 τύχοι
440 2713 494 2774 καὶ
518 2709 703 2792 ἐκκρούσειε
726 2715 855 2794 πρόσω,
882 2710 1100 2775 ἀποτίθεσθαι
1122 2712 1183 2794 τήν

182 2815 300 2882 ἑαυτοῦ
326 2820 373 2894 είς
399 2819 459 2901 τήν
486 2826 543 2900 τῆς
570 2821 750 2901 βληθείσης
777 2818 831 2881 καί
859 2815 1040 2899 ἐξωσμένης
1060 2817 1183 2901 χώραν,

182 2923 218 2989 ἐν
241 2915 262 3008 ἧ
279 2924 439 3006 πρότερον
458 2917 514 3005 ἦν·
537 2920 591 2987 καὶ
609 2923 708 2986 πάλιν
728 2924 890 3004 στήσαντα
906 2923 968 3005 τήν
983 2925 1183 3006 Πηνελόπην

182 3028 218 3094 έν
251 3021 276 3116 ᾧ
304 3030 340 3093 τὸ
369 3029 524 3111 δεύτερον
553 3026 681 3112 ἐγένετο
708 3033 834 3116 χωρίῳ,
865 3026 1023 3093 ἐντεῦθεν
1049 3029 1184 3112 βάλλειν

180 3136 241 3218 τήν
260 3131 389 3200 ἑαυτοῦ.
421 3136 452 3199 εί
469 3131 506 3199 δὲ
524 3136 617 3219 τύχοι
636 3135 717 3199 ἀνευ
735 3144 795 3199 τοῦ
813 3136 972 3218 μηδεμιᾶς
989 3144 1056 3198 τῶν
1073 3134 1183 3198 ἀλλων

181 3251 317 3322 ψαῦσαι,
339 3250 435 3305 νικᾶν
457 3242 512 3305 καί
535 3240 667 3316 έλπίδας
690 3242 776 3324 ἔχειν
798 3239 921 3315 πολλάς
943 3241 1103 3322 γαμήσειν
1125 3239 1183 3303 αύ-

181 3350 249 3431 τήν.
292 3349 350 3412 τὸν
373 3342 409 3411 δὲ
433 3345 632 3429 Εὐρύμαχον
655 3350 807 3422 πλείστας
830 3343 1000 3429 είληφέναι
1022 3346 1122 3431 ταύτη
1144 3353 1183 3430 τῇ

181 3453 297 3550 παιδιᾷ
319 3451 373 3524 καὶ
396 3453 530 3526 εὔελπιν
552 3447 638 3525 Ιεἶναι
660 3461 706 3549 τρῖ
730 3452 844 3552 γάμμ.’
