2668 4002
481 223 527 274 1v.
547 221 808 274 ΔΗυοΣουυΗΣ.
1110 219 1150 282 17

143 389 202 446 τοῦ
234 377 295 464 μὲν
326 390 443 446 κοινοῦ
474 380 528 446 καὶ
565 387 656 464 ίσου,
687 391 747 447 τοῦ
778 384 837 447 τὸν
868 383 998 468 λαχόντ’
1028 383 1154 466 ἄρχειν,

144 484 450 570 ἀποστερησόμεθα,
482 485 644 569 ἀλλήλους
678 483 715 552 δὲ
743 491 949 572 πλυνοῦμεν,
980 485 1035 552 καὶ
1062 487 1080 553 ὁ
1107 495 1152 575 τῷ

144 594 231 680 λόγφ
259 595 421 677 κρατήσας
449 592 547 676 ἀρξει.
596 590 650 657 καὶ
672 589 783 677 πότερ’
805 591 847 658 ἀν
869 596 1019 676 βελτίους
1041 599 1153 676 είημεν

144 709 209 763 τῶν
237 699 456 783 ὑπαρχουσῶν
480 700 668 764 δυσκολιῶν
694 697 974 783 ἀπαλλαττόμενοι
996 698 1016 783 ἢ
1038 699 1154 774 καινάς

145 807 266 890 ἔχθρας
292 803 346 868 καὶ
375 809 585 888 βλασφημίας
612 805 822 888 ποιούμενοι;
860 803 898 881 ἀς
924 801 1000 869 πᾶσ’
1027 803 1153 886 ἀνάγκη

145 915 351 994 συμβαίνειν,
377 910 456 974 ὅταν
483 909 583 994 ἀρχῆς
605 911 626 992 ἥ
649 933 739 986 τινος
761 911 865 976 ἀλλου
887 911 969 996 πρὸς
991 910 1075 994 ἡμᾶς
1096 910 1153 974 αὐ-

144 1019 221 1092 τοὺς
247 1015 512 1101 ἀμφισβητῶμεν.
556 1019 592 1080 τί
615 1013 660 1100 δ’,
688 1015 730 1080 ἀν
760 1017 823 1100 ἀρα
851 1015 919 1100 (δεῖ
943 1017 1006 1099 γὰρ
1034 1013 1149 1080 ἅπαντ’
1172 1031 1186 1079 7

145 1122 304 1204 ἐξετάσαι)
334 1123 450 1206 ἀτερος
477 1121 571 1205 ἡμῶν
598 1126 712 1198 πείσας
740 1124 799 1187 τὸν
829 1121 957 1207 ἕτερον,
987 1121 1028 1186 ἀν
1056 1122 1154 1207 λάχη,

145 1231 352 1313 παραδοῦναι
370 1228 458 1314 αὑτῷ
478 1227 538 1310 την
557 1226 674 1312 ἀρχήν,
700 1227 787 1292 οὕτω
806 1232 981 1310 κληρῶται,
1001 1229 1038 1293 τὸ
1057 1229 1155 1292 δυοῖν

145 1339 312 1401 πινακίοιν
339 1335 398 1399 τὸν
425 1333 483 1396 ἕνα
505 1337 711 1417 κληροῦσθαι
734 1337 769 1398 τί
789 1331 863 1398 ἀλλ’
886 1333 991 1412 ἐστίνς
1019 1329 1076 1398 εἶτ’
1099 1329 1151 1416 ἐφ’

145 1435 171 1530 ςὸ
199 1441 348 1506 θάνατον
377 1442 493 1522 ζημίαν
521 1438 539 1504 δ
568 1441 670 1522 νόμος
702 1437 806 1522 λέγει,
832 1437 928 1505 τοῦθ’
949 1439 1028 1523 ἡμῖν
1051 1438 1155 1514 ἀδεῶς

146 1546 271 1626 ἐξέσται
289 1546 457 1631 πράττειν;
481 1545 567 1608 πάνυ
584 1564 635 1628 γε·
658 1544 698 1610 οὐ
717 1546 780 1630 γάρ
799 1544 841 1610 ἀν
860 1546 940 1611 αὐτὸ
958 1547 1154 1629 ποιήσαιμεν

146 1691 189 1701 -
219 1649 294 1718 οἶδα
320 1650 426 1734 κάγώ,
457 1651 495 1716 τὸ
525 1661 608 1733 γοῦν
638 1648 709 1716 κατ’
739 1650 812 1735 ἐμέ·
842 1649 914 1716 ἀλλ’
947 1648 1019 1717 οὐδ’
1047 1652 1154 1714 αἰτίαν

145 1759 297 1841 τοιαύτης
323 1761 434 1841 ζημίας
457 1756 566 1832 ἐνίους
589 1759 675 1841 ἔχειν
698 1760 815 1837 καλόν,
839 1756 913 1834 ἐξὸν
936 1760 989 1841 μη.

212 1860 300 1929 Εἶεν.
340 1862 422 1928 ἀλλά
445 1873 545 1927 ταῦτα
569 1858 671 1945 μδνὴ
699 1866 793 1939 πόλις
815 1863 1004 1945 βλάπτεται·
1033 1862 1095 1944 ἐγὼ
1120 1859 1149 1926 δ’
1172 1880 1188 1928 8

147 1973 216 2059 ίδίᾳ
238 1973 284 2047 τίς
307 1967 470 2034 θεάσασθ’
491 1968 598 2051 ἡλίκα,
622 1966 677 2032 καὶ
701 1967 860 2050 σκοπεῖτ’,
884 1970 925 2033 ἀν
947 1993 979 2033 τι
997 1970 1085 2034 δοκῶ
1104 1966 1154 2032 λέ-

147 2098 231 2161 γειν·
259 2079 345 2141 πολὺ
371 2076 433 2158 γὰρ
457 2076 667 2159 χαλεπώτερα
691 2071 788 2139 ταῦθ’
812 2068 858 2139 ὧν
882 2072 1034 2156 ἀκηκόατ’
1056 2074 1154 2139 ἐστίν.

147 2185 242 2268 δρᾶτε
265 2178 326 2266 μὲν
349 2182 410 2263 γὰρ
435 2181 573 2257 ἀπαντες
596 2180 698 2244 αὐτὸν
725 2180 907 2264 χρώμενον,
930 2179 990 2256 ἕως
1012 2176 1072 2264 μὲν
1091 2183 1154 2263 ἔζη,

147 2292 314 2353 Μενεκλεῖ
334 2284 387 2350 καὶ
405 2298 474 2361 τοῖς
492 2283 566 2369 περὶ
585 2284 713 2350 ἐκεῖνον
735 2284 936 2370 ἀνθρώποις,
958 2296 1022 2351 νῦν
1040 2283 1070 2350 δ’
1089 2283 1155 2350 ἑτέ-

148 2418 219 2479 ροις
245 2393 373 2457 ἐκείνου
400 2394 564 2476 βελτίοσιν
594 2390 711 2474 οὐδέν,
734 2384 796 2456 Ικαὶ
823 2393 862 2456 τά
889 2389 1013 2456 τοιαῦτ’
1039 2391 1154 2474 ἐζηλω-

147 2502 227 2564 κότα
249 2496 304 2562 καὶ
325 2500 438 2562 δεινὸν
461 2499 572 2562 δοκεῖν
596 2493 681 2561 εἶναι
704 2500 927 2580 βουλόμενον·
950 2495 1005 2561 καὶ
1027 2499 1069 2580 νὴ
1093 2495 1149 2562 Δί’

149 2612 226 2681 ἴσως
249 2607 347 2669 ε’στιν.
383 2603 424 2668 ἀν
448 2598 510 2668 οὖν
532 2606 707 2685 προϊόντος
733 2613 792 2667 τοῦ
815 2605 938 2687 χρόνου
960 2615 1026 2667 τῶν
1045 2603 1188 2668 αὐτῶνθ

147 2735 178 2777 τι
201 2721 309 2777 ποιεῖν
331 2711 460 2785 τούτοις
483 2709 628 2794 ἐπιχειρῇ
653 2709 735 2794 (ἔστι
758 2707 795 2772 δὲ
815 2719 917 2773 ταῦτα
935 2712 1070 2792 γραφαί,
1093 2709 1154 2793 φά-

148 2835 226 2900 σεις,
249 2815 413 2898 ἐνδείξεις,
436 2813 634 2900 ἀπαγωγαί),
655 2811 714 2878 εἶτ’
732 2813 785 2878 ἐπὶ
803 2815 932 2878 τούτων
950 2817 1020 2878 τινί
1036 2813 1154 2900 (πολλὰ

148 2923 210 3005 γάρ
242 2920 310 2986 ἐστι
342 2920 572 3005 τάνθρώπινα,
603 2919 657 2985 καὶ
689 2923 767 2997 τοὺς
798 2921 886 2985 πάνυ
919 2921 1051 2996 δεινοὺς
1082 2918 1154 2986 ἑκά-

148 3023 258 3108 στοθ’,
290 3026 369 3090 ὅταν
400 3027 638 3106 πλεονάζωσιν,
670 3023 840 3090 ἐπίστασθ’
874 3025 967 3108 ὑμεῖς
998 3031 1155 3110 κοσμίους

147 3131 268 3217 ποιεῖν)
293 3133 378 3217 όφλη
401 3141 446 3218 τῷ
471 3135 629 3219 δημοσίῳ,
652 3136 687 3197 τί
707 3136 833 3214 μᾶλλον
857 3127 953 3207 οὗτος
977 3131 1154 3217 ἐγγεγραμ-

148 3237 245 3322 μένος
263 3240 352 3302 ἔσται
373 3238 466 3322 ἐμοῦ;
491 3239 541 3302 ὅτι
560 3237 613 3320 ’νὴ
629 3235 686 3301 Δί’
705 3243 850 3302 εἴσονται
868 3238 998 3320 πάντες,
1018 3240 1155 3322 πότερός

147 3341 219 3410 ποτ’
240 3339 370 3427 ὦφλεν.
406 3348 521 3419 καλῶς.
558 3341 600 3407 ἀν
623 3340 669 3424 δ’,
693 3341 710 3407 ὃ
734 3345 835 3427 τυχὸν
858 3340 977 3426 γένοιτ’
1000 3344 1053 3425 ἀν,
1077 3347 1152 3428 χρό-
1172 3361 1205 3408 10

147 3475 205 3527 νος
232 3448 349 3535 διέλθη
370 3451 485 3534 καὶμὴ
505 3448 658 3532 ἐκτεισθῇ
682 3450 718 3513 τὸ
743 3451 890 3532 ὄφλημα,
917 3453 952 3514 τί
972 3453 1097 3533 μᾶλλον
1121 3451 1156 3514 οί

147 3557 266 3622 τούτου
289 3557 404 3632 παῖδες
426 3558 556 3619 ε”σονται
578 3565 645 3618 τῶν
669 3553 755 3638 ἐμῶν
780 3553 1049 3639 ἐγγεγραμμένοι,
1073 3553 1153 3618 ὅταν

199 3670 346 3719 Florilegium
361 3668 471 3709 Graecum
485 3669 537 3708 VH.
974 3663 990 3710 2
