2668 4002
541 245 590 294 111.
610 243 791 301 ΞΕΝΟΦΩΝ,
1114 237 1154 302 13

152 403 235 480 υίεῑς
261 405 447 486 παιδεύειν,
476 402 609 468 ἐπειδάν
637 403 770 488 τάχιστα
792 402 904 478 αὐτοῖς
927 403 962 467 οί
981 403 1095 478 παῖδες
1116 401 1156 464 τά

152 510 313 592 λεγόμενα
346 508 519 591 ξυνιῶσιν,
551 509 654 585 εὐθὺς
684 506 744 592 μὲν
774 506 821 573 ἐπ’
852 508 964 583 αὐτοῖς
992 508 1156 588 παιδαγω-

152 617 232 696 γοὺς
257 615 464 698 θεράποντας
491 613 679 698 ἐφιστᾶσιν,
706 614 808 690 εὐθὺς
836 609 872 678 δέ
898 611 1083 695 πέμπουσιν
1111 613 1157 686 είς

154 720 362 785 διδασκάλων
385 718 638 804 μαθησομένους
660 718 715 784 καὶ
733 721 903 804 γράμματα
922 717 976 782 καὶ
995 719 1156 801 μουσικῆν

153 824 207 889 καλ
236 826 277 890 τδι
308 825 343 889 ἐν
373 828 563 912 παλαίστρᾳ.
608 827 689 909 πρὸς
716 822 753 889 δὲ
781 825 909 899 τούτοις
935 834 1002 887 τῶν
1028 824 1157 887 παίδων

154 933 259 1008 πόδας
277 928 338 1016 μὲν
356 931 564 1015 ὑποδήμασιν
584 930 800 1014 άπαλύνουσι,
819 931 951 1014 σώματα
970 925 1006 993 δὲ
1022 930 1157 1012 ἱματίων

154 1041 348 1122 μεταβολαῖς
366 1039 622 1119 διαθρύπτουσι·
642 1041 734 1100 σίτου
753 1059 789 1118 γε
809 1037 874 1119 μην
894 1035 1004 1110 αὐτοῖς
1018 1033 1157 1117 γαστέρα

155 1143 274 1229 μέτρον
311 1146 510 1227 νομίζουσιν.
557 1143 575 1208 δ
607 1140 644 1207 δὲ
677 1146 872 1226 Λυκοῦργος
903 1139 974 1205 άντὶ
1007 1137 1067 1225 μὲν
1098 1149 1193 1204 τοῦτ

156 1251 224 1336 ίδίρι
255 1249 391 1314 ἕκαστον
421 1250 651 1331 παιδαγωγοὺς
680 1249 822 1324 δούλους
852 1246 1024 1331 ἐφιστάναι
1052 1247 1157 1330 ἄνδρα

155 1354 307 1440 ἐπέστησε
335 1367 466 1439 κρατεῖν
494 1353 618 1436 αὐτῶν,
646 1351 678 1430 ἐξ
703 1347 809 1439 ὧνπερ
834 1355 871 1418 αί
890 1353 1037 1438 μέγισται
1061 1349 1157 1436 άρχαλ

154 1466 386 1544 καθίστανται,
414 1461 449 1537 ὃς
477 1461 519 1543 δῆ
542 1461 596 1523 καὶ
619 1460 820 1544 παιδονόμος
842 1464 993 1524 καλεῖται,
1039 1467 1157 1521 τοῦτον

155 1564 193 1631 δέ
216 1569 333 1651 κύριον
358 1565 488 1649 ἐποίησε
511 1564 565 1630 καὶ
587 1564 756 1649 άθροίζειν
779 1565 855 1639 τοὺς
877 1564 996 1640 παῖδας
1018 1562 1072 1628 καλ
1091 1562 1157 1627 ἐπι-

158 1683 362 1754 σκοποῦντα,
404 1678 437 1737 εί
468 1695 517 1749 τις
554 1671 787 1756 ῥᾳδιουργοίη,
825 1671 964 1754 ίσχυρῶς
999 1669 1157 1746 κολάζειν.

155 1780 256 1843 ἐδωκε
281 1776 311 1842 δ’
335 1777 422 1865 αὐτῷ
442 1779 496 1842 καί
515 1788 580 1841 τῶν
598 1777 757 1860 ἡβώντων
771 1778 1049 1860 μαστιγοφόρους,
1071 1775 1158 1850 ὅπως
1176 1790 1191 1837 3

155 1895 345 1968 τιμωροίεν,
371 1884 424 1948 ὅτε
447 1882 531 1949 δέοι·
578 1884 659 1947 ὥστε
683 1882 809 1964 πολλὴν
832 1877 897 1964 μέν
915 1882 1008 1963 αίδῶ,
1031 1882 1157 1964 πολλὴν
1209 1904 1211 1908 ’

156 1987 192 2055 δὲ
218 1991 324 2055 πειθὼ
349 1988 416 2053 ἐκεῖ
438 1999 663 2073 συμπαρεῖναι.
709 1986 785 2052 άντί
804 2011 841 2069 γε
864 1988 930 2070 μῆν
952 1995 1011 2052 τοῦ
1035 1986 1158 2052 ἁπαλό-

155 2121 227 2162 νειν
246 2099 323 2171 τοὺς
340 2096 444 2171 πόδας
461 2094 672 2179 ὑποδήμασιν
691 2091 802 2170 ἔταξεν
821 2092 1028 2180 άνυποδησίρι
1041 2094 1158 2177 κρατύ-

155 2226 238 2284 νειν,
261 2204 419 2285 νομίζων,
441 2203 472 2265 εί
493 2198 579 2266 τοῦτ’
603 2200 795 2284 άσκῆσειαν,
818 2201 903 2263 πολὺ
927 2195 987 2282 μὲν
1010 2199 1093 2284 ῥᾷον
1116 2198 1158 2263 άν

157 2309 294 2393 όρθιάδε
317 2309 458 2391 βαίνειν,
483 2305 726 2390 ἀσφαλέστερον
750 2301 786 2369 δὲ
808 2314 916 2389 πρανῆ
939 2308 1158 2388 καταβαίνειν,

156 2412 210 2478 καὶ
242 2415 386 2496 πηδῆσαι
418 2407 455 2476 δὲ
487 2409 540 2474 καὶ
573 2411 753 2496 ἀναθορεῑν
785 2409 839 2475 καλ
869 2411 1006 2494 δραμεῖν
1034 2415 1159 2474 θᾶττον
1226 2417 1229 2424 ’

157 2519 380 2602 ἀνυπόδητον,
408 2519 439 2582 εί
464 2517 612 2600 ἠσκηκὼς
639 2523 688 2600 είη
714 2519 792 2593 τοὺς
813 2519 932 2598 πόδας,
959 2515 1158 2598 ῆὺποδεδε-

157 2624 267 2710 μένον.
313 2623 367 2690 καὶ
395 2623 471 2687 ιἰντί
495 2645 531 2704 γε
555 2633 614 2688 τοῦ
639 2624 778 2707 ίματίοις
800 2622 1064 2706 διαθρύπτεσθαι
1088 2618 1193 2684 ἐνί-4

158 2749 252 2814 μισεν
286 2727 334 2794 ἑνὶ
368 2730 483 2816 ίματίφ
517 2725 559 2792 δι’
590 2731 684 2804 ε”τους
714 2731 986 2812 προσεθίζεσθαι,
1017 2728 1159 2810 νομίζων

158 2837 243 2902 οὕτω
262 2835 315 2900 καὶ
334 2837 415 2919 πρὸς
434 2835 521 2918 ψύχη
540 2832 595 2898 καὶ
613 2836 694 2918 πρὸς
711 2835 823 2916 θάλπη
843 2835 979 2916 άμεινον
997 2831 1038 2896 δν
1057 2853 1159 2915 παρα-

158 2942 390 3006 σκευάσασθαι.
441 2943 533 3004 σῖτόν
565 2963 601 3022 γε
634 2941 699 3023 μὴν
732 2938 820 3016 ἔταξε
853 2948 1012 3002 τοσοῦτον
1044 2940 1193 3021 ἔχονται

158 3048 376 3131 συμβολεύειν
398 3048 457 3112 τὸν
479 3051 589 3129 είρενα
607 3045 652 3121 ὡς
668 3044 732 3110 ὑπὸ
751 3049 940 3128 πλησμονῆς
958 3039 1017 3127 μὲν
1036 3046 1158 3127 μῆποτε

157 3155 378 3237 βαρύνεσθαι,
406 3161 465 3217 τοῦ
493 3147 530 3216 δὲ
559 3148 772 3233 ἐνδεεστέρως
799 3151 926 3232 διάγειν
953 3150 997 3232 μῆ
1020 3148 1160 3228 ἀπείρως

158 3261 262 3343 ἔχειν,
288 3261 431 3341 νομίζων
459 3258 535 3332 τοὺς
562 3257 648 3320 οὕτω
671 3253 929 3338 παιδευομένους
951 3259 1076 3337 μᾶλλον
1099 3250 1159 3339 μὲν

158 3364 200 3429 διν
216 3365 393 3446 δύνασθαι,
412 3365 442 3427 εί
456 3364 615 3446 δεήσειεν,
634 3360 848 3444 ιἰσιτῆσαντας
863 3359 1068 3442 ἐπιπονῆσαι,
1081 3365 1160 3443 μάλ·

159 3474 218 3534 λον
238 3465 269 3533 δ’
288 3470 341 3551 άν,
359 3471 390 3532 εἰ
406 3465 661 3552 παραγγελθείη,
680 3466 742 3532 άπὸ
761 3476 820 3531 τοῦ
838 3467 939 3531 αὐτοῦ
954 3470 1046 3530 σίτου
1060 3470 1160 3530 πλείω

158 3579 280 3659 χρόνον
311 3573 522 3656 ἐπιταθῆναι,
549 3568 647 3656 ἧττον
671 3570 700 3637 δ’
723 3572 764 3636 δν
788 3573 872 3650 όψου
897 3573 1044 3653 δεῖσθαι,
1071 3571 1160 3656 εὐχε-
