2668 4002
538 231 571 282 x,
591 230 724 281 ιειιοε.
1098 225 1139 289 37

132 393 385 474 τελευτήσαντος
414 391 476 474 γάρ
498 393 637 456 Δεινίου
666 388 721 454 καλ
747 401 814 455 τῶν
841 389 1041 473 πραγμάτων
1063 389 1142 472 ἡμῖν

131 508 285 580 πονηρῶς
314 497 456 582 ἐχόντων
484 496 525 561 ού
551 497 716 580 περιεῖδεν
746 495 830 580 ἡμᾶς
857 495 994 572 οὐδενὸς
1021 494 1143 571 ἐνδεεῖς

132 604 247 685 ὄντας,
270 601 341 667 ἀλλ’
367 603 487 678 αὐτοὺς
509 598 570 685 μὲν
593 604 639 678 είς
665 603 725 685 τήν
749 604 858 667 οἰκίαν
880 603 941 685 τήν
963 602 1066 666 αὑτοῦ
1088 623 1142 666 ιιο-

132 709 311 793 μισάμενος
346 708 515 790 ἐπαίδευε,
551 709 615 791 τήν
648 706 681 773 δ’
713 709 831 773 οὐσίαν
863 706 1045 792 ἀφελέσθαι
1076 717 1142 772 τῶν

132 819 283 899 χρήστων
307 813 612 897 ἐπιβουλευσάντων
636 817 759 879 ἔσωσεν
781 814 874 898 ἡμῖν,
898 813 1085 897 ἐπεμελεῖτό
1101 809 1136 878 θ’

133 921 254 1004 ὁμοίως
281 931 348 985 τῶν
375 919 541 1004 ἡμετέρων
570 921 679 1003 ὥσπερ
711 931 778 984 τῶν
806 919 909 984 αὑτοῦ
933 919 1141 1002 πραγμάτων.

133 1030 240 1090 καίτοι
262 1028 324 1112 χρὴ
343 1032 484 1109 θεωρεῖν
504 1025 606 1091 αὐτοῦ
625 1027 685 1108 τήν
706 1024 857 1090 διάνοιαν
877 1024 912 1089 ἐκ
932 1025 1058 1090 τούτων
1076 1035 1142 1088 τῶν
1160 1041 1177 1089 8

133 1134 241 1215 ἔργων
260 1136 385 1214 μᾶλλον
403 1131 424 1215 ή
444 1129 479 1196 ἐκ
498 1143 564 1196 τῶν
582 1133 765 1214 διαθηκῶν,
789 1130 845 1195 καὶ
864 1135 1048 1215 τεκμηρίοις
1066 1139 1142 1215 χρή-

133 1243 214 1302 σθαι
241 1239 285 1321 μή
313 1248 381 1313 τοῖς
407 1234 474 1320 μετ’
503 1236 603 1320 ὀργῆς
628 1244 842 1321 πραχθεῖσιν,
870 1236 907 1302 ἐν
931 1228 981 1312 οἷς
1003 1237 1143 1312 ἀπαντες

132 1345 323 1426 πεφύκαμεν
347 1341 562 1426 ἁμαρτάνειν,
585 1340 655 1407 ἀλλ’
679 1341 734 1427 ἀφ’
759 1337 806 1407 ὧν
830 1343 971 1426 ὕστερον
993 1344 1143 1426 φανεράν

133 1450 193 1532 τήν
217 1448 320 1512 αὑτοῦ
344 1447 495 1512 διάνοιαν
519 1447 681 1531 ἐποίησεν.
719 1451 765 1513 ἔτι
788 1449 851 1533 γάρ
874 1453 1000 1532 μᾶλλον
1019 1446 1055 1512 ἐν
1073 1459 1142 1524 τοῖς

132 1557 332 1629 τελευταίοις
360 1553 541 1637 ἐδήλωσεν,
574 1555 618 1629 ῶς
645 1550 712 1639 εἶχε
739 1557 820 1637 πρὸς
847 1554 940 1638 ἡμᾶς.
987 1555 1051 1639 ήδη
1078 1555 1175 1639 γάρ9

133 1659 288 1724 ἀσθενῶν
311 1659 434 1744 ταύτην
456 1661 518 1742 τήν
541 1662 659 1744 νόσον,
685 1658 717 1737 ἐξ
741 1654 780 1741 ής
804 1659 1024 1742 ἐτελεύτησεν,
1047 1660 1141 1744 ἐβου-

134 1766 222 1848 λήθη
245 1766 443 1841 ταύταςτὰς
465 1767 627 1848 διαθήκας
649 1765 781 1830 ἀνελεῖν
804 1763 858 1830 καλ
881 1765 1058 1849 προσέταξε
1073 1771 1141 1832 Πο-

134 1872 295 1959 σειδίππῳ
321 1871 383 1953 τήν
411 1869 515 1955 ἀρχήν
542 1874 737 1955 εἰσαγαγεῖν.
785 1871 803 1937 δ
832 1869 862 1936 δ’
890 1871 931 1937 ού
953 1876 1058 1956 μόνον
1081 1873 1142 1938 οὐκ

134 1979 324 2060 εἰσήγαγεν,
351 1975 433 2040 ἀλλά
461 1974 515 2042 καλ
543 1978 601 2042 τὸν
629 1976 771 2042 ἐλθόντα
798 1989 865 2043 τῶν
893 1976 1061 2063 ἀρχόντων
1089 1977 1141 2042 ἐπὶ

134 2085 196 2166 τήν
218 2083 330 2167 θύραν
349 2081 544 2167 ἀπέπεμψεν.
581 2082 750 2167 ὀργισθεὶς
768 2079 805 2148 δέ
825 2085 929 2172 τούτῳ
945 2086 1143 2167 Κλεώνυμος

134 2190 236 2252 πάλιν
261 2187 293 2264 ἐς
310 2190 371 2272 τήν
389 2188 567 2271 ὑστεραίαν
581 2193 720 2254 Διοκλεῖ
737 2187 870 2253 καλέσαι
888 2191 965 2265 τοὺς
983 2191 1142 2273 ἀρχοντας

134 2293 324 2374 προσέταξε·
357 2292 494 2378 καὶούχ
519 2294 623 2370 οὕτως
646 2293 796 2370 ἀσθενῶς
819 2295 1038 2376 διακείμενος,
1066 2291 1137 2359 ἀλλ’

136 2403 183 2464 ἔτι
210 2404 343 2465 πολλῶν
371 2398 481 2464 οὐσῶν
505 2399 648 2464 ἐλπίδων
672 2398 826 2483 ἐξαπίνης
848 2409 904 2482 τῆς
926 2401 1044 2477 νυκτὸς
1065 2401 1141 2465 ταύ-

135 2530 192 2589 της
214 2504 390 2570 ἀπέθανεν.

197 2608 361 2694 Ἡγοῦμαι
392 2606 452 2693 μὲν
481 2614 613 2693 τοίνυν,
645 2607 671 2675 ὦ
702 2612 836 2694 ἀνδρες,
868 2621 948 2676 πᾶσι
977 2624 1045 2688 τοῖς
1075 2623 1142 2677 τῶν
1162 2629 1193 2678 10

135 2721 268 2801 κλήρων
290 2716 566 2801 ἀμφισβητοῦσιν,
590 2716 671 2781 ὅταν
694 2716 889 2800 ἀποφήνωσι
909 2726 993 2802 σφᾶς
1011 2717 1142 2802 αὐτούς,

136 2825 244 2907 ὥσπερ
277 2822 384 2906 ἡμεῖς,
416 2819 470 2886 καὶ
502 2831 546 2909 τῷ
576 2821 664 2904 γένει
692 2821 873 2905 προτέρους
900 2825 995 2898 ὄντας
1022 2821 1076 2888 καλ
1103 2833 1141 2908 τή

135 2933 231 3014 φιλίᾳ
253 2936 291 3012 τή
311 2929 392 3008 πρὸς
411 2929 469 2993 τὸν
488 2931 748 3011 τετελευτηκότα,
770 2931 945 3011 περίεργον
962 2924 1048 2992 εἶναι
1065 2932 1143 3006 τοὺς

136 3036 257 3110 ἀλλους
286 3036 405 3115 λόγους
435 3030 560 3115 λέγειν·
598 3033 711 3116 ἐπειδὴ
742 3030 778 3097 δέ
810 3035 937 3098 τούτων
966 3033 1143 3115 οὐδέτερον

136 3143 264 3224 ἔχοντες
287 3134 380 3204 οὗτοι
402 3144 545 3222 τολμῶσι
568 3151 634 3203 τῶν
657 3139 698 3204 ού
721 3143 957 3221 προσηκόντων
979 3139 1142 3224 ἀμφισβη-

135 3256 205 3310 τεῖν
235 3246 289 3309 καὶ
318 3246 452 3320 ψευδεῖς
481 3245 784 3323 παρασκευάζονται
813 3247 950 3327 λόγους,
981 3247 1142 3330 βούλομαι

136 3350 258 3435 βραχέα
288 3348 342 3415 καλ
370 3347 445 3433 περὶ
472 3351 598 3414 τούτων
627 3350 737 3414 αὐτῶν
765 3351 877 3414 εἰπεῖν.
925 3352 1143 3435 ἰσχυρίζονται

136 3458 198 3540 γὰρ
221 3468 292 3532 ταῖς
317 3457 503 3539 διαθήκαις,
526 3455 677 3538 λέγοντες
701 3456 744 3532 ὡς
767 3457 967 3539 Κλεώνυμος
990 3457 1142 3541 μετεπέμ-
1163 3475 1193 3522 11

135 3584 213 3628 πετο
237 3563 297 3645 τήν
321 3561 424 3647 ἀρχὴν
448 3561 489 3627 ού
513 3566 609 3627 λῦσαι
633 3565 835 3646 βουλόμενος
857 3561 972 3646 αὐτάς,
994 3561 1064 3627 ἀλλ’
1089 3563 1105 3628 ἐ
1129 3604 1143 3613 -
