2668 4002
229 244 273 308 52
553 223 636 297 mh.
655 242 918 297 Δωκοεοευεε.

230 404 344 488 ῆξίουν
376 404 449 470 ἀντὶ
475 406 648 489 πτερύγων
676 405 733 480 τάς
759 405 910 486 πλευράς.
954 401 1010 467 καὶ
1038 404 1117 486 μετὰ
1143 396 1233 467 ταῦτ’

231 510 294 595 ἐγὼ
318 509 379 596 μέν
403 512 629 594 ἀπεκομίσθην
652 510 717 575 ὑπὸ
739 521 806 574 τῶν
828 511 1083 594 παρατυχόντων
1101 511 1237 593 γυμνός,

231 613 323 683 οὗτοι
351 615 380 682 δ’
409 615 535 704 ᾤχοντο
562 617 739 699 θοίμάτιον
768 618 923 699 λαβόντες
945 639 1018 698 μου.
1064 615 1107 691 ὡς
1130 613 1161 680 δ’
1183 613 1237 680 ἐπὶ

230 725 291 807 τῆν
313 724 424 807 θύραν
442 718 562 805 ἦλθον,
584 723 711 805 κραυμῆ
731 717 785 784 καὶ
804 721 866 803 βοὴ
885 729 941 804 τῆς
959 723 1079 804 μητρὸς
1097 718 1152 785 καὶ
1170 732 1238 785 τῶν

229 829 479 912 θεραπαινίδων
506 823 564 909 ἦν,
591 825 645 891 καὶ
668 829 763 909 μόγις
785 823 855 891 ποτ’
880 827 926 902 είς
947 828 1125 910 βαλανεῖον
1148 825 1239 910 ἐνεγ-

229 937 344 1010 κόντες
367 956 405 1016 με
429 930 483 996 καὶ
506 932 764 1016 περιπλύναντες
786 930 914 1008 ἔδειξαν
937 943 1006 1008 τοῖς
1025 933 1157 1014 ίατροῑς.
1193 933 1240 1009 ὡς

231 1035 293 1106 οὖν
320 1036 410 1105 ταῦτ’
437 1037 546 1120 ἀληθῆ
575 1035 676 1120 λέγω,
706 1037 834 1102 τούτων
861 1037 940 1120 ὑμῖν
967 1040 1044 1114 τούς
1070 1038 1240 1123 μάρτυρας

230 1146 418 1230 παρέξομαι.
798 1162 800 1166 ’

196 1270 212 1318 9
299 1251 432 1334 Συνέβη
457 1254 586 1333 τοίνυν,
614 1245 783 1332 ὧάνδρες
805 1250 969 1332 δικασταί,
995 1249 1050 1315 καὶ
1072 1249 1240 1328 Εὐξίθεον

231 1356 363 1424 τουτονὶ
386 1360 444 1422 τὸν
469 1357 669 1438 Χολλείδην,
693 1352 769 1421 ὄνθ’
792 1355 872 1438 ῆμῑν
895 1363 1054 1438 συγγενῆ,
1077 1354 1131 1421 καὶ
1153 1361 1239 1422 Μει-

233 1467 309 1530 δίαν
332 1464 410 1548 μετά
433 1464 568 1545 τούτου,
593 1461 657 1527 ἀπὸ
681 1464 818 1527 δείπνου
840 1458 947 1527 ποθέν
970 1461 1125 1539 ἀπιόντας
1147 1485 1239 1548 περι-

231 1581 343 1654 τυχεῖν
371 1574 511 1654 πλησίον
541 1571 612 1635 όντι
642 1591 698 1652 μοι
727 1577 785 1651 τῆς
814 1570 919 1644 οίκίας
947 1569 1011 1651 ῆδη
1041 1566 1096 1634 καὶ
1125 1572 1172 1646 είς
1201 1574 1238 1637 τὸ
1316 1629 1317 1634 ,

232 1679 409 1759 βαλανεῖον
428 1674 601 1764 φερομένῳ
615 1679 909 1757 παρακολουθῆσαι
924 1673 978 1739 καὶ
992 1676 1106 1757 ἰατρὸν
1119 1676 1239 1759 ἀγουσι
1316 1721 1317 1770 χ

232 1780 485 1867 παραγενέσθαι.
532 1781 618 1846 οὕτω
642 1777 673 1845 δ’
696 1776 786 1866 εἶχον
809 1778 971 1863 ἀσθενῶς,
994 1777 1092 1863 ὥσθ’,
1115 1782 1170 1846 ἵνα
1194 1785 1239 1866 μῆ

233 1886 361 1971 μακράν
384 1891 547 1970 φεροίμην
571 1882 676 1952 οἴκαδ’
698 1885 733 1951 ἐκ
756 1895 816 1951 τοῦ
835 1889 1023 1969 βαλανείου,
1046 1885 1152 1952 ἐδόκει
1170 1901 1241 1964 τοῖς
1316 1899 1317 1953 λ

227 2002 397 2077 παροῦσιν
425 1993 469 2068 ὡς
495 1993 553 2056 τὸν
576 1992 723 2055 Μειδίαν
748 1991 876 2075 ἐκείνην
900 1992 960 2074 τῆν
983 1988 1124 2071 ἑσπέραν
1147 2000 1237 2079 κομί·
1281 2029 1285 2037 ’

183 2119 213 2166 ιο
234 2116 304 2183 σαι,
334 2097 388 2164 καὶ
411 2097 569 2181 έποίησαν
593 2097 689 2162 ούτω.
735 2100 805 2162 τότε
829 2094 890 2181 μέν
913 2101 1028 2162 τοίνυν
1050 2097 1234 2184 παραχρῆμ’

232 2205 297 2270 ὑπὸ
315 2217 381 2270 τῶν
400 2209 535 2288 πληγῶν
554 2198 600 2268 ὧν
620 2207 741 2287 ἔλαβον
759 2202 814 2268 καὶ
828 2213 885 2286 τῆς
898 2204 1024 2287 ὕβρεως
1037 2203 1123 2269 οὕτω
1138 2206 1238 2271 διετέ-

232 2317 312 2394 θην,
335 2311 379 2387 ὠς
402 2310 536 2376 ἀκούετε
559 2309 613 2376 καὶ
636 2310 879 2394 μεμαρτύρηται
902 2310 990 2388 παρὰ
1007 2310 1140 2374 πάντων
1159 2310 1239 2396 ὑμῖν

233 2428 299 2482 τῶν
322 2416 426 2493 εὐθὺς
449 2418 598 2481 ἰδόντων.
643 2416 723 2498 μετά
746 2412 783 2480 δέ
807 2423 908 2480 ταῦτα
931 2426 997 2479 τῶν
1020 2413 1080 2499 μέν
1103 2418 1239 2500 οίδημά-

233 2547 300 2587 των
327 2534 393 2589 τῶν
421 2522 457 2588 ἐν
484 2531 529 2610 τῷ
558 2523 721 2609 προσώπῳ
749 2519 803 2585 καὶ
831 2531 897 2585 τῶν
925 2518 1029 2585 ἑλκῶν
1052 2519 1152 2587 οὐδὲν
1175 2527 1239 2609 ε”φη

233 2632 412 2714 φοβεῖσθαι
439 2631 515 2692 λίαν
544 2628 562 2694 ὁ
591 2629 717 2710 ἰατρός,
744 2625 879 2712 πυρετοὶ
902 2624 939 2692 δὲ
962 2632 1240 2712 παρηκολούθουν
1315 2677 1316 2716 χ

236 2760 292 2820 μοι
312 2746 459 2819 συνεχεῖς
477 2731 532 2799 καί
551 2729 716 2816 ἀλγήμαθ’
736 2733 816 2799 ὅλου
834 2730 895 2817 μὲν
913 2742 972 2799 τοῦ
991 2736 1139 2816 σώματος
1151 2736 1240 2802 πάνυ
1315 2719 1316 2784 3

234 2840 365 2925 σφοδρά
391 2838 445 2906 καὶ
474 2840 584 2921 δεινά,
612 2839 751 2922 μάλιστα
779 2835 816 2903 δὲ
841 2851 906 2904 τῶν
929 2844 1081 2924 πλευρῶν
1103 2839 1157 2905 καὶ
1179 2852 1240 2908 τοῦ
1315 2839 1316 2848 ’

183 2966 214 3012 11
233 2949 351 3030 ῆτρου,
379 2943 433 3012 καὶ
460 2958 527 3011 τῶν
555 2949 669 3010 σιτίων
696 2943 940 3029 ἀπεκεκλείμην.
985 2943 1040 3012 καὶ
1067 2945 1111 3022 ὡς
1137 2943 1239 3030 μδνὸ

235 3055 345 3134 ἰατρὸς
364 3055 437 3137 ἔφη,
456 3054 487 3116 εί
503 3053 548 3135 μῆ
566 3052 728 3133 κάθαρσις
746 3052 883 3135 αἵματος
901 3051 1064 3136 αὐτομάτη
1082 3075 1138 3135 μοι
1151 3053 1240 3118 πάνυ

234 3161 339 3242 πολλῆ
372 3157 493 3242 συνέβη
526 3158 721 3245 περιωδύνῳ
754 3154 784 3223 τ’
816 3160 887 3222 όντι
919 3155 974 3222 καλ
1003 3156 1240 3242 ἀπορουμένων

235 3265 315 3348 ῆδη,
342 3263 404 3330 κάν
427 3267 549 3348 ε”μπυος
572 3267 749 3347 γενόμενος
773 3266 973 3349 διεφθάρην·
1001 3274 1065 3329 νῦν
1089 3261 1126 3329 δὲ
1149 3263 1236 3330 τοῦτ’

236 3374 338 3436 έσωσε
366 3374 402 3436 τὸ
426 3363 492 3454 αἷμ’
517 3370 744 3454 ἀποχωρῆσαν.
791 3371 834 3446 ὡς
857 3365 918 3434 οὖν
942 3368 995 3434 καί
1018 3367 1107 3435 ταῦτ’
1131 3370 1241 3455 ἀληθῆ

235 3474 331 3559 λέγω,
354 3475 408 3540 καὶ
431 3476 709 3559 παρηκολούθησέ
727 3500 783 3560 μοι
801 3477 934 3559 τοιαύτη
954 3479 1062 3558 νόσος,
1086 3474 1117 3554 ἐξ
1137 3471 1177 3560 ῆς
1195 3480 1242 3554 είς
1314 3485 1315 3548 λ

235 3584 418 3668 τοῦσχατον
440 3577 563 3665 ῆλθον,
587 3581 619 3659 ἐξ
644 3577 691 3645 ὧν
714 3581 779 3646 ὑπὸ
801 3583 928 3647 τούτων
952 3585 1071 3666 ἔλαβον
1094 3587 1242 3666 πληγῶν,
