2668 4002
439 1063 805 1147 -ATHENAEVS

124 1198 259 1253 Naucrati
282 1202 378 1268 naeus,
405 1201 516 1255 saeculo
540 1201 628 1255 altero
652 1204 783 1270 exeunte,
805 1201 918 1255 ineunte
937 1200 1021 1254 tertio
1039 1197 1127 1253 vitam

124 1269 203 1338 degit
230 1269 432 1339 Alexandriae,
463 1274 563 1340 postea
589 1271 702 1326 Romae.
746 1270 859 1342 eoripnil
889 1274 1127 1338 δειπνοσοφιστῶν

124 1341 210 1394 libros
224 1341 283 1408 XV,
301 1340 403 1409 quibus
422 1341 544 1411 dialogis
562 1344 635 1396 inter
652 1360 682 1397 aa
696 1343 886 1411 colloquentes
899 1342 970 1396 facit
983 1341 1072 1395 XXIX
1086 1342 1128 1394 vi-

124 1429 170 1465 ros
195 1412 293 1465 doctos
317 1414 346 1465 et
368 1411 490 1466 ailifioes
514 1412 548 1466 de
570 1413 653 1467 rebus
675 1416 801 1468 vetemm
824 1413 860 1466 ad
880 1412 968 1466 vilem
987 1416 1017 1467 et
1034 1412 1127 1466 dome-

125 1481 225 1535 sticam
239 1485 269 1536 ei
282 1481 414 1535 socialem
427 1483 632 1552 pertinentibus
646 1483 722 1537 domi
739 1483 874 1552 lorensis,
892 1483 922 1536 in
936 1483 976 1537 eis
991 1483 1127 1537 Galenum

523 1553 727 1623 etVspssmmn

232 1732 257 1796 Ι.
281 1735 360 1812 Περὶ
383 1739 440 1798 τοῦ
464 1739 529 1798 τῶν
551 1736 667 1813 ἡρώων
691 1733 763 1800 καθ’
781 1735 924 1814 Ὅμηρον
949 1734 1026 1813 βίου.

525 1854 549 1924 (l
567 1872 591 1910 ο.
609 1857 730 1924 15-29.)

184 1978 326 2065 ’Όμηρος
350 1981 437 2062 ὁρῶν
460 1982 521 2064 τὴν
543 1983 764 2066 σωφροσύνην
787 1982 989 2064 οἰκειοτάτην
1007 1980 1127 2065 ἀρετὴν
1146 1995 1157 2046 Ι

126 2081 231 2154 οὖσαν
253 2099 321 2162 τοίς
343 2084 430 2162 νέοις
453 2085 507 2151 καί
529 2088 673 2172 πρώτην,
696 2089 742 2152 έτι
766 2083 803 2152 δὲ
826 2085 1051 2172 ἁρμόττουσαν
1074 2084 1128 2150 καὶ

125 2193 258 2257 πάντων
272 2203 339 2258 τῶν
353 2198 462 2258 καλῶν
477 2196 620 2279 χορηγὸν
634 2189 751 2276 οὖσαν,
769 2197 971 2278 βουλόμενος
986 2193 1128 2277 ἐμφῦσαι

126 2299 226 2363 πάλιν
255 2297 359 2383 αὐτὴν
388 2297 443 2363 ἀπ’
471 2298 572 2384 ἀρχῆς
598 2299 652 2364 καὶ
681 2300 812 2385 ἐφεξῆς,
841 2301 897 2365 ἵνα
923 2301 983 2383 τὴν
1007 2300 1129 2384 σχολὴν

126 2401 180 2467 καὶ
206 2407 265 2469 τὸν
294 2408 390 2488 ζῆλον
418 2405 455 2470 ἐν
481 2417 550 2482 τοῖς
576 2411 688 2482 καλοῖς
716 2409 824 2491 ἔργοις
851 2405 1050 2470 ἀναλίσκωσι
1075 2403 1129 2468 καλ

128 2505 209 2573 ὦσιν
228 2509 427 2592 εὐεργετικοὶ
445 2510 499 2575 καί
517 2510 706 2577 κοινωνικοὶ
725 2515 806 2594 πρὸς
824 2511 997 2595 ἀλλήλους,
1015 2509 1129 2591 εὐτελῆ

127 2617 341 2680 κατεσκεύασε
368 2625 448 2681 πᾶσι
476 2619 533 2682 τὸν
561 2621 636 2702 βίον
658 2615 713 2681 καὶ
736 2617 896 2701 αὐτάρκη,
923 2619 1130 2699 λογιζόμενος

126 2723 183 2797 τὰς
214 2720 390 2807 ἐπιθυμίας
418 2721 471 2788 καί
501 2724 558 2800 τάς
586 2723 709 2807 ἡδονάς
739 2723 951 2808 ἰσχυροτάτας
977 2724 1130 2805 γίνεσθαι

128 2825 183 2892 καὶ
206 2830 335 2912 πρώτας
358 2831 404 2893 ἔτι
427 2852 461 2893 τε
484 2827 539 2894 καὶ
562 2829 726 2915 ἐμφύτους
748 2830 805 2906 τάς
826 2826 899 2913 περὶ
924 2828 1053 2912 ἐδωδὴν
1076 2824 1130 2892 καὶ

127 2938 242 3018 πόσιν,
269 2937 345 3010 τοὺς
372 2930 409 2999 δὲ
433 2935 708 3019 διαμεμενηκότας
730 2935 766 3001 ἐν
789 2935 934 3022 εὐτελείᾳ
957 2934 1131 3010 εὐτάκτους

128 3038 182 3104 καί
208 3038 283 3124 περὶ
310 3042 369 3105 τὸν
396 3041 498 3106 άλλον
525 3045 600 3125 βίον
627 3045 781 3124 γίνεσθαι
805 3040 978 3125 ἐγκρατεῖς.
1024 3038 1165 3123 άπλῆυκ

129 3139 191 3210 οὐν
209 3144 398 3211 ἀποδέδωκε
416 3149 477 3231 τὴν
496 3149 625 3212 δίαιταν
644 3157 723 3212 πᾶσι
742 3145 796 3212 καί
814 3148 875 3230 τὴν
894 3145 997 3230 αὐτην
1011 3145 1131 3229 ὁμοίως

128 3254 319 3334 βασιλεῦσιν
343 3254 503 3333 ἰδιώταις,
525 3251 613 3329 νέοις
635 3254 848 3336 πρεσβύταις,
871 3251 989 3335 λέγων·

340 3356 442 3441 επαρὰ
466 3353 503 3421 δὲ
526 3357 641 3440 ξεστὴν
665 3356 823 3422 ἐτάνυσσε
845 3357 1020 3442 τράπεζαν,
1042 3370 1131 3419 α138.

173 3471 266 3526 σῖτον
290 3458 320 3525 δ’
343 3463 452 3544 αἰδοίη
476 3465 572 3546 ταμίη
595 3461 762 3546 παρέθηκε
785 3462 941 3547 φέρουσα.

174 3567 305 3647 δαιτρὸς
327 3562 364 3631 δὲ
387 3580 506 3652 κρειῶν
528 3573 666 3644 πίνακας
687 3567 875 3652 παρέθηκεν
898 3567 1020 3652 άείρας’
1042 3581 1132 3631 α141.

939 3671 973 3722 1*
