2668 4002
205 215 225 280 8
586 220 607 268 1.
626 217 823 270 αοσαιιου.

204 380 309 462 πολλὴ
338 378 374 443 ἐκ
401 386 457 461 τῆς
480 381 671 462 Δήμητρος,
701 375 854 460 διένεμον
883 373 1007 464 ἑκάστῳ
1035 382 1127 460 ἴσηυ,
1156 375 1216 440 καὶ

205 483 308 560 οὕτως
326 486 373 560 εἴς
391 486 516 568 κόσμον
535 479 618 567 ἦλθε
637 494 705 558 τοῖς
724 482 915 568 ἀνθρώποις
927 483 967 547 τά
981 483 1095 568 δόρπα.
1127 482 1215 546 ὥστε

203 587 224 671 ἡ
247 591 353 673 τροφὴ
377 586 450 665 δαὶς
473 587 525 654 ἐπὶ
547 597 592 675 τῳ
617 590 770 652 δαίεσθαι
794 585 931 670 λέγεται,
954 588 972 652 ὅ
996 587 1063 652 ἐστι
1083 589 1215 671 διαμοι-

204 700 327 777 ρᾶσθαι
355 691 406 758 ἐπ’
433 700 516 777 ἴσης·
546 691 600 758 καί
628 694 708 759 δτδι
731 692 810 778 κρέα
834 694 942 758 ὀπτῶν
966 695 1113 776 δαιτρός,
1141 692 1214 758 ἐπεὶ

170 819 185 865 5
206 806 281 883 ἴσην
305 797 427 888 ἑκάστῳ
450 811 571 882 μοῖραν
590 798 712 864 έδίδου.
746 797 800 864 καὶ
820 797 871 864 ἐπὶ
890 801 1003 882 μόνων
1021 798 1214 883 ἀνθρώπων

172 919 175 948 ¹
205 905 301 968 δαῖτα
328 903 415 988 λέγει
443 905 460 970 δ
488 908 640 988 ποιητής,
669 902 720 970 ἐπὶ
749 900 786 968 δὲ
810 909 941 988 θηρίων
965 905 1025 970 ούκ
1049 907 1103 970 έτι.
1149 904 1213 970 οὐκ

204 1013 325 1095 ἔφερον
353 1006 389 1074 δὲ
418 1012 529 1074 οἴκαδε
556 1007 634 1091 παρ’
655 1005 783 1097 Ὁμήρῳ
812 1011 847 1074 οί
867 1011 1061 1094 δαιτυμόνες
1083 1011 1122 1076 τά
1145 1015 1212 1075 λει-

204 1119 347 1199 πόμενα,
375 1114 459 1180 άλλά
488 1114 703 1200 κορεσθέντες
733 1114 907 1180 κατέλιπον
937 1114 1014 1199 παρ’
1041 1108 1091 1193 οἷς
1119 1111 1162 1199 ἦν
1189 1116 1211 1198 ἡ

205 1225 290 1299 δαίς·
313 1219 367 1286 καὶ
390 1221 410 1304 ἡ
433 1224 531 1304 ταμία
554 1225 701 1305 λαβοῦσα
724 1217 824 1305 εἶχεν,
846 1223 901 1286 ἵνα
924 1224 966 1287 άυ
988 1246 1037 1298 τις
1055 1220 1210 1306 ἀφίκηται

206 1327 308 1410 ξένος,
332 1331 400 1412 έχοι
424 1328 542 1392 δοῦναι
566 1326 662 1412 αὐτῷ.
699 1325 754 1390 καὶ
779 1327 893 1412 ίχθύσι
913 1323 949 1392 δὲ
963 1326 1107 1413 Ὅμηρος
1123 1339 1214 1393 ποιεῖ

205 1433 394 1519 χρωμένους
416 1435 493 1508 τοὺς
514 1435 586 1498 τότε
610 1430 664 1496 καὶ
689 1433 806 1515 όρνισι.
843 1435 924 1497 κατὰ
946 1444 1030 1516 γοῦν
1053 1436 1113 1518 τὴν
1132 1437 1210 1517 Θρι-

205 1543 323 1604 νακίαν
346 1539 381 1604 οί
398 1534 578 1613 Ὀδυσσέως
602 1535 724 1621 ἑταῖροι
746 1539 950 1620 θηρεύουσιν

206 1666 293 1730 μασι.
318 1644 430 1730 εἰχθῦς
453 1643 592 1727 ὄρνιθάς
614 1665 648 1707 τε
671 1647 769 1727 φίλας
791 1641 827 1708 θ’
849 1643 867 1708 ὅ
890 1668 921 1709 τι
943 1653 1053 1728 χεῖρας
1075 1645 1179 1710 ἵκοιτο

316 1761 495 1834 γναμπτοῖς
518 1748 764 1833 άνκίστροισινῖ

206 1856 247 1922 οὐ
270 1857 332 1940 γάρ
356 1855 392 1920 έν
415 1865 453 1940 τῇ
474 1859 636 1940 Θρινακίᾳ
657 1853 868 1939 ἐκεχάλκευτο
886 1857 926 1921 τά
944 1857 1113 1939 ἄγκιστρα,
1135 1852 1208 1920 ἀλλ’

172 1961 405 2046 εέπεφέροντο
442 1961 479 2027 έν
515 1970 559 2047 τῳ
597 1966 667 2048 πλῷ
705 1962 874 2044 δηλονότι·
911 1961 993 2043 ὥστε
1025 1957 1068 2046 ἦν
1099 1961 1211 2038 αὐτοῖς

111 2071 314 2153 μεσιθηρας
346 2068 473 2150 ἰχθύων
506 2065 670 2149 ἐπιμέλεια
702 2064 757 2130 καί
789 2065 893 2151 τέχνη.
943 2068 1060 2146 είκάξει
1090 2063 1127 2154 δὲ
1156 2065 1208 2132 καῖ

206 2177 283 2250 τοὺς
310 2173 375 2238 ὑπὸ
404 2173 555 2254 Σκύλλης
585 2169 829 2256 ἁρπαζομένους
851 2168 1035 2249 Ὀδυσσέως
1062 2171 1211 2255 ἑταίρους
1324 2165 1325 2188 ³

207 2281 321 2364 ίχθύσι
348 2281 506 2361 προμήκει
535 2278 648 2365 ῥάβδῳ
677 2275 904 2361 ἁλισκομένοις
929 2276 984 2342 καὶ
1010 2280 1133 2363 θύραζε
1161 2279 1210 2362 ῥι-

206 2382 387 2468 πτομένοις.
434 2381 557 2472 ἑκάστῳ
588 2380 623 2447 δὲ
651 2393 717 2447 τῶν
746 2384 955 2467 δαιτυμόνων
982 2381 1058 2467 παρ’
1079 2382 1209 2470 Ὁμήρῳ

206 2490 396 2574 παράκειται
432 2491 600 2572 ποτήριον.
653 2490 840 2576 Δημοδόκῳ
877 2500 960 2571 γοῦν
996 2494 1209 2574 παρατίθεται

120 2609 195 2662 θεν.
206 2595 326 2660 κάνεον
344 2592 398 2658 καὶ
416 2594 554 2678 τράπεζα
572 2592 626 2658 καὶ
646 2593 745 2669 δέπας
764 2593 863 2659 πιεῖν
877 2595 930 2659 ὅτε
943 2596 1052 2678 θυμὸς
1065 2593 1209 2678 άνάχοί.

101 2719 197 2769 A4‘10.
209 2697 437 2784 ἐπιστέφονται
465 2695 502 2763 δέ
524 2711 638 2764 ποτοῖο
662 2701 697 2764 οῖ
716 2708 888 2782 κρητῆρες,
914 2700 987 2782 ἤτοι
1009 2700 1210 2784 ὑπερχειλεῖς

207 2808 242 2872 οῖ
261 2814 417 2891 κρατῆρες
439 2815 623 2887 ποιοῦνται,
646 2805 728 2869 ὥστε
752 2805 807 2869 διά
829 2813 890 2869 τοῦ
913 2814 1016 2870 ποτοῦ
1039 2804 1209 2891 ἐπιστεφα-

207 2918 366 2990 νοῦσθαι,
395 2909 449 2975 καὶ
473 2921 573 2976 ταῦτα
597 2913 762 2994 ἔπρασσον
784 2912 865 2989 πρὸς
888 2913 1011 2975 οίωυοῦ
1032 2909 1209 2994 τιθέμενοι.

101 3028 323 3101 Αικικοῦροι
353 3012 390 3080 δὲ
418 3015 611 3100 διανέμουσι
635 3015 752 3080 πᾶσιν
776 3014 990 3099 ἐπαρξάμενοι
1014 3016 1209 3084 δεπάεσσιν’.
1312 3089 1318 3102 ‚

173 3142 187 3189 ἰ
207 3121 270 3188 είσῖ
296 3117 332 3187 δὲ
355 3119 409 3186 καί
428 3133 496 3197 τοῖς
515 3121 660 3203 άρίστοις
678 3121 758 3185 κατδι
778 3122 894 3185 δεῖπνα
912 3126 1009 3205 τιμαί.
1051 3124 1210 3207 Τυδείδης

103 3239 290 3312 Θισκχοῦν
313 3225 367 3292 καὶ
389 3227 503 3311 κρέασι
522 3225 576 3291 καὶ
594 3231 719 3302 πλείοις
737 3227 891 3291 δεπάεσσι
909 3237 1040 3310 τιμᾶται
1058 3227 1112 3292 καί
1127 3235 1209 3306 Αἴας

102 3353 196 3403 H321.
207 3336 340 3400 νώτοισι
362 3330 565 3416 διηνεκέεσσι
583 3336 779 3416 γεραίρεται,
802 3329 856 3396 καὶ
875 3333 910 3396 οί
924 3336 1070 3415 βασιλεῖς
1088 3329 1124 3398 δέ
1142 3347 1209 3412 τοῖς

11 3527 12 3530 ¹
127 3439 329 3516 σεααύτοῖς·
361 3440 463 3505 ’νῶτα
490 3441 583 3523 βοός,
611 3439 651 3503 τά
679 3438 720 3522 δά
748 3439 783 3502 οἴ
803 3438 975 3521 πάρθεσαν
997 3439 1111 3525 αὐτῷ’.
1155 3439 1208 3507 καὶ

11 3591 12 3614 ,
101 3565 196 3622 Μειο,
208 3545 396 3634 Σαρπηδὼν
425 3540 462 3616 δὲ
488 3544 575 3632 παρὰ
598 3548 735 3627 Λυκίοις
760 3554 827 3628 τοῖς
851 3544 962 3626 αὐτοῖς
984 3554 1128 3634 τιμᾶται,
1155 3545 1208 3617 καὶ
