2668 4002
217 203 260 267 32
564 208 611 258 IX.
631 207 888 260 ΠΛΟΤΤΑΡΧΟΣ.

216 363 460 449 περιζωσαμένη
488 366 525 430 τὸ
555 365 700 448 ίμάτιον,
728 366 893 448 εὔρωστος
915 363 999 433 οὖσα
1021 363 1076 430 καὶ
1099 363 1223 448 μεγάλη

216 479 283 532 τῶν
310 467 595 562 ἀποθνῃσκουσῶν
619 469 759 555 ἑκάστην
783 481 887 556 σιωπῇ
911 471 965 536 καὶ
988 468 1064 555 μεθ’
1087 471 1224 554 ἡσυχίας

217 572 396 659 ἐθεράπευε
415 572 469 639 καί
487 573 712 658 περιέστελλεν
731 576 766 641 ἐκ
785 588 850 641 τῶν
871 574 1106 661 ἐνδεχομένων.
1131 573 1224 650 τέλος

218 675 255 744 δέ
274 680 353 762 μετά
371 679 476 754 πάσας
496 678 616 763 ἑαυτὴν
636 685 827 765 κοσμήσασα
845 679 899 746 καὶ
917 691 1147 764 καταγαγοῦσα
1162 681 1224 763 τὴν

216 786 396 869 περιβολὴν
419 783 472 850 καλ
497 785 621 869 μηδένα
644 792 844 870 προσελθεῖν
869 787 990 852 ἐάσασα
1011 783 1094 871 μηδέ
1112 793 1224 868 θιγεῖν

217 892 319 955 ἀλλον
351 889 371 974 ἦ
403 892 461 955 τὸν
494 888 546 954 ἐπὶ
578 901 634 974 της
667 901 794 976 σφαγῆς
824 893 1038 976 τεταγμένον,
1074 891 1224 976 ἡρωικῶς

216 994 450 1080 κατέστρεψεν,
477 995 614 1072 οὐδενὸς
642 999 799 1079 δεηθεῖσα
826 1009 1029 1082 κοσμοῦντος
1055 995 1109 1062 καὶ
1133 1020 1222 1082 περι-

167 1120 198 1167 ισ
217 1102 439 1176 καλύπτοντος
466 1103 545 1184 μετά
573 1102 633 1185 τὴν
660 1107 824 1187 τελευτήν.
870 1103 955 1168 ούτω
981 1102 1154 1187 παρέμεινε
1177 1113 1221 1189 τῷ

216 1206 351 1294 θανάτφ
375 1209 412 1272 τὸ
434 1210 572 1290 κόσμιον
592 1215 647 1289 τῆς
664 1218 772 1292 ψυχῆς
790 1207 843 1272 καλ
863 1208 1059 1293 διεφύλαξεν
1077 1207 1119 1292 ἣν
1139 1211 1222 1286 ζῶσα

217 1312 368 1397 φρουράν
392 1319 436 1399 τῷ
462 1313 585 1396 σώματι
608 1311 813 1397 περιέθηκεν.

525 1523 580 1589 ΙΧ.
607 1523 779 1610 Pelopidae
802 1525 908 1589 funus.

368 1643 521 1714 (Plutarch.
539 1644 634 1714 Pelop.
654 1652 697 1701 33.
717 1653 758 1700 34.
788 1645 823 1701 cf.
841 1647 909 1699 fase.
930 1646 967 1699 lV
981 1664 1008 1715 p.
1023 1648 1078 1717 22.)

289 1769 329 1822 Vt
352 1767 501 1821 Thessalos
519 1767 673 1822 Alexandri
690 1768 809 1823 Pheraei
831 1768 980 1837 tyrannide
1001 1769 1147 1837 liberaret,
1171 1769 1223 1823 Pe-

218 1839 329 1908 lopidae
345 1837 449 1892 auxilio
464 1841 580 1892 vocatus
589 1855 685 1908 pugna
695 1842 730 1893 ad
743 1839 965 1910 Cynoscephalas
977 1839 1223 1894 commissavietor

217 1909 278 1979 ipse
297 1910 401 1970 oceidit
418 1908 471 1980 (01.
488 1916 547 1978 104,
564 1919 586 1966 1.
606 1925 631 1964 a.
646 1908 707 1965 Chr.
724 1912 793 1980 364).

186 2074 196 2117 1
289 2054 333 2118 Τὸ
364 2049 425 2136 μέν
453 2048 515 2118 οὖν
543 2057 698 2137 Θηβαίων
725 2056 802 2130 τοῦς
828 2058 991 2138 παρόντας
1019 2053 1070 2119 ἐπὶ
1098 2063 1136 2139 τῇ
1164 2065 1222 2119 τοῦ

218 2161 409 2224 Πελοπίδου
432 2165 564 2244 τελευτῇ
588 2159 714 2243 βαρέως
731 2157 857 2244 φέρειν,
879 2159 1001 2244 πατέρα
1019 2158 1073 2224 καὶ
1093 2170 1223 2244 σωτῆρα

218 2264 272 2329 καὶ
301 2265 500 2330 διδάσκαλον
526 2276 593 2329 τῶν
617 2269 778 2349 μεγίστων
802 2264 856 2330 καὶ
879 2270 1061 2331 καλλίστων
1085 2264 1223 2348 ἀγαθῶν

218 2369 464 2446 ἀποκαλοῦντας
487 2370 630 2454 ἐκεῖνον,
653 2371 694 2436 ού
716 2371 804 2436 πάνυ
828 2375 1021 2456 θαυμαστὸν
1044 2366 1100 2454 ἦν·
1130 2373 1166 2436 οί
1186 2369 1222 2436 δὲ

220 2476 381 2542 Θεσσαλοὶ
400 2475 454 2541 καὶ
473 2479 508 2542 οί
522 2478 686 2561 σύμμαχοι
699 2487 808 2542 πᾶσαν
822 2477 1018 2564 ἀνθρωπίνη
1032 2476 1223 2560 πρέπουσαν

218 2582 315 2667 ἀρετῇ
338 2583 436 2667 τιμὴν
458 2595 526 2658 τοῖς
544 2587 754 2667 ψηφίσμασιν
773 2584 1012 2668 ὑπερβαλόντες
1031 2585 1077 2647 ἔτι
1096 2588 1223 2667 μᾶλλον

219 2688 424 2764 ἐπεδείξαντο
454 2699 522 2762 τοῖς
551 2689 672 2752 πάθεσι
701 2689 762 2772 τὴν
789 2690 870 2772 πρὸς
897 2690 955 2753 τὸν
983 2689 1089 2772 ἀνδρα
1116 2688 1222 2774 χάριν.

184 2797 295 2870 νυοὺς
324 2791 383 2877 μὲν
413 2793 476 2877 γάρ
506 2797 770 2878 παραγεγονότας
796 2803 841 2881 τῷ
870 2797 955 2880 έργφ
983 2792 1116 2875 λέγουσι
1143 2797 1222 2878 μήτε

217 2900 355 2983 θώρακα
381 2897 506 2962 θέσθαι
529 2901 606 2981 μήτε
631 2900 732 2963 ἵππον
756 2898 970 2983 ἐκχαλινῶσαι
993 2901 1071 2982 μήτε
1094 2910 1223 2984 τραῦμα

219 3007 385 3088 δήσασθαι
411 3008 588 3089 πρότερον,
617 3004 660 3080 ῶς
687 3003 851 3070 ἐπύθοντο
880 3007 940 3088 τὴν
963 3005 1090 3070 ἐκείνου
1113 3011 1222 3070 τελευ-

218 3115 294 3194 την,
324 3109 406 3175 ἀλλὰ
436 3110 515 3192 μετὰ
544 3121 610 3174 τῶν
642 3110 752 3174 ὅπλων
779 3113 925 3193 θερμούς
953 3113 1062 3186 ίόντας
1089 3108 1141 3174 ἐπὶ
1164 3114 1223 3176 τὸν

217 3221 347 3301 νεκρόν,
370 3216 478 3301 ὥσπερ
502 3217 756 3297 αἰσθανόμενον,
774 3216 812 3279 τά
836 3227 901 3281 τῶν
924 3219 1090 3298 πολεμίων
1112 3217 1222 3304 κύκλφ

217 3319 292 3404 περὶ
324 3323 360 3385 τὸ
393 3331 485 3402 σῶμα
518 3321 677 3403 σωρεύειν
710 3321 857 3404 λάφυρα,
889 3331 993 3401 κεῖραι
1026 3317 1062 3386 δέ
1092 3322 1222 3404 ἵππους,

218 3431 392 3511 κείρασθαι
423 3421 461 3489 δὲ
492 3423 546 3489 καὶ
574 3424 709 3506 αὐτούς,
742 3424 897 3502 ἀπιόντας
929 3421 965 3490 δέ
996 3429 1139 3502 πολλοὺς
1170 3426 1222 3491 ε’πλ

219 3534 340 3617 σκηνάς
362 3535 441 3616 μήτε
463 3541 529 3614 πῦρ
553 3529 676 3607 ἀνάψαι
698 3533 775 3615 μήτε
800 3533 935 3596 δεῖπνον
956 3529 1101 3613 ἑλέσθαι,
1125 3534 1221 3616 σιγὴν
