2668 4002
451 223 524 276 VIII.
543 223 801 278 ΠΛΟΊἾἈΡΧΟΣ.
1085 219 1125 284 31

122 377 265 464 έστρεψε.
310 389 367 463 τῆς
399 377 435 446 δέ
468 385 578 466 φήμης
609 385 656 460 είς
687 386 748 467 τὴν
776 387 875 448 πόλιν
906 383 986 466 ὅλην
1014 384 1129 449 σκεδα-

122 489 258 571 σθείσης
290 487 310 569 ἡ
342 483 403 571 μὲν
437 490 694 572 Κρατησίκλεια,
730 493 846 574 καίπερ
879 483 963 553 οὖσα
994 491 1129 571 γενναία

121 593 223 674 γυνή,
251 593 424 676 προύδωκε
454 595 490 658 τὸ
518 597 673 678 φρόνημα
700 597 782 680 πρὸς
808 597 845 661 τὸ
874 603 931 678 τῆς
958 603 1130 678 συμφορᾶς

122 695 278 779 μέγεθος,
307 696 361 762 καὶ
387 702 613 784 περιβαλοῦσα
639 700 679 764 τὰ
700 702 816 765 παιδία
839 710 898 766 τοῦ
922 698 1130 784 Κλεομένους

124 801 321 888 ὠλοφύρετο.
367 815 432 868 τών
461 801 497 869 δὲ
525 806 667 870 παιδίων
695 808 731 870 τὸ
759 806 981 890 πρεσβύτερον
1004 804 1129 887 ἀποπη-

123 909 229 992 δῆσαν
252 909 389 986 οὐδενὸς
412 909 453 975 ἀν
475 913 763 995 προσδοκήσαντος
785 911 848 977 ἀπὸ
867 921 926 976 τοῦ
944 909 1059 994 τέγους
1077 907 1130 974 ἐπὶ

123 1016 269 1099 κεφαλὴν
292 1017 426 1099 ἔρριψεν
450 1014 560 1082 ἑαυτό·
585 1020 638 1082 καλ
661 1028 768 1094 κακῶς
789 1012 850 1101 μὲν
873 1019 979 1101 ἔσχεν,
1001 1016 1042 1081 ού
1064 1017 1130 1099 μὴν

124 1118 306 1204 ἀπέθανεν,
338 1119 409 1186 ἀλλ’
441 1124 530 1206 ἤρθη
560 1126 651 1206 βοῶν
680 1121 734 1188 καὶ
764 1122 972 1206 ἀγανακτοῦν
1003 1120 1054 1186 ἐπὶ
1083 1129 1128 1208 τῷ

125 1227 368 1291 διακωλύεσθαι
399 1232 562 1292 τελευτάν.
609 1228 627 1293 ὁ
660 1226 695 1293 δέ
722 1233 942 1311 Πτολεμαῖος,
975 1229 1018 1304 ὡς
1045 1231 1129 1310 ἔγνω
1150 1245 1180 1292 11

124 1341 239 1415 ταῦτα,
269 1331 444 1417 προσέταξε
471 1336 508 1400 τὸ
536 1330 597 1417 μέν
625 1345 717 1417 σῶμα
744 1344 804 1400 τοῦ
828 1333 1035 1418 Κλεομένους
1057 1356 1129 1416 κρε-

124 1437 225 1520 μάσαι
247 1440 579 1523 καταβυρσώσαντας,
605 1439 793 1504 ἀποκτεῖναι
817 1435 854 1505 δέ
876 1440 916 1504 τά
938 1441 1053 1504 παιδία
1075 1436 1130 1503 καὶ

124 1545 185 1626 τὴν
207 1541 328 1626 μητέρα
351 1543 405 1609 καὶ
427 1546 484 1621 τὰς
507 1547 581 1628 περὶ
604 1545 708 1628 αὐτὴν
731 1557 895 1628 γυναῖκας.
935 1544 970 1610 ἐν
995 1541 1030 1610 δέ
1053 1545 1130 1610 ταύ-
1151 1563 1182 1610 12

124 1672 193 1724 ταις
220 1643 263 1732 ἦν
290 1648 344 1714 καὶ
368 1649 524 1727 Παντέως
551 1653 636 1735 γυνη
660 1656 814 1736 καλλίστη
839 1649 892 1715 καλ
915 1651 1129 1735 γενναιοτάτη

125 1757 162 1819 τὸ
191 1750 287 1830 εἶδος.
334 1758 380 1822 ἔτι
411 1753 447 1822 δέ
478 1757 589 1834 αὐτοῖς
618 1757 792 1841 νεογάμοις
822 1751 918 1822 οὖσιν
949 1757 985 1823 ἐν
1014 1756 1131 1840 ἀκμαῖς

125 1859 256 1943 ἐρώτων
286 1863 323 1925 αί
349 1862 443 1946 τύχαι
474 1861 668 1946 συνέβησαν.
715 1863 819 1940 εὐθὺς
846 1859 907 1947 μὲν
930 1857 992 1928 οὖν
1016 1880 1130 1928 συνεκ-

125 1970 263 2030 πλεῦσαι
293 1975 338 2054 τῷ
363 1971 491 2032 Παντεῖ
514 1965 722 2052 βουλομένην
750 1965 854 2051 αὐτὴν
878 1968 938 2033 οὐκ
961 1975 1075 2033 είασαν
1098 1970 1134 2033 οί

125 2082 245 2154 γονεῖς,
268 2070 351 2136 ἀλλὰ
373 2075 429 2158 βία
452 2077 721 2149 κατακλείσαντες
743 2073 939 2158 ἐφύλαττον·
970 2074 1070 2162 ὀλίγῳ
1094 2070 1131 2139 δέ

125 2177 265 2261 ὕστερον
288 2179 388 2242 ἵππον
412 2176 510 2262 ἑαυτῇ
533 2180 809 2262 παρασκευάσασα
827 2178 880 2244 καὶ
899 2181 1072 2263 χρυσίδιον
1091 2179 1131 2244 οὐ

125 2285 211 2348 πολὺ
238 2286 357 2359 νυκτὸς
385 2282 510 2364 ἀπέδρα
537 2283 591 2349 καὶ
620 2284 764 2362 διώξασα
787 2287 954 2361 συντόνως
977 2283 1029 2350 ἐπὶ
1057 2289 1131 2350 Ταί-

125 2412 230 2471 ναρον
253 2388 382 2454 ἐκεῖθεν
406 2389 503 2472 ἐπέβη
525 2391 608 2466 νεὼς
626 2392 673 2466 είς
692 2396 861 2472 Αἴγυπτον
879 2391 1054 2472 πλεούσης·
1077 2388 1131 2454 καὶ

115 2496 321 2578 ’διεκομίσθη
353 2497 434 2578 πρὸς
465 2497 524 2560 τὸν
554 2497 661 2579 ἀνδρα
690 2494 745 2561 καὶ
775 2496 1011 2579 συνδιήνεγκεν
1041 2495 1129 2582 αὐτῷ

126 2601 185 2664 τὸν
208 2598 260 2664 ἐπὶ
284 2597 377 2682 ξένης
399 2604 474 2683 βιόν
497 2600 629 2678 ἀλύπως
647 2599 700 2665 καὶ
719 2602 847 2681 ἱλαρῶς.
880 2601 961 2684 αὕτη
980 2604 1051 2666 τότε
1071 2604 1131 2685 τὴν
1153 2618 1183 2665 13

128 2708 388 2787 Κρατησίκλειαν
406 2705 470 2770 ὑπὸ
489 2717 556 2770 τῶν
575 2718 781 2789 στρατιωτῶν
796 2704 996 2789 ἐξαγομένην
1009 2705 1132 2789 ἐχειρα-

128 2812 242 2894 γώγει,
264 2813 323 2875 τόν
345 2834 379 2876 τε
402 2810 527 2876 πέπλον
550 2811 649 2894 αὐτῆς
671 2812 951 2895 ὑπολαμβάνουσα
973 2809 1028 2875 καλ
1048 2819 1133 2895 θαρ-

128 2927 199 3000 ρεῖν
222 2922 455 2999 παρακαλοῦσα
474 2915 578 2999 μηδέν
600 2941 631 2982 τι
650 2911 727 3001 μηδ’
743 2917 847 3000 αὐτὴν
866 2916 1133 3002 ἐκπεπληγμένην

127 3024 186 3086 τὸν
208 3021 367 3104 θάνατον,
390 3019 461 3085 ἀλλ’
483 3021 519 3085 ἓν
538 3024 642 3105 μόνον
661 3019 870 3106 αἰτουμένην,
892 3024 955 3107 πρὸ
974 3034 1040 3087 τῶν
1059 3046 1132 3088 παι-

129 3128 211 3191 δίων
234 3125 425 3191 ἀποθανεῖν.
472 3125 540 3190 ἐπεὶ
564 3123 601 3190 δέ
623 3121 732 3210 ἦλθον
755 3129 801 3204 είς
823 3129 882 3192 τὸν
904 3130 1021 3211 τόπον,
1045 3129 1081 3193 ἐν
1104 3123 1130 3218 ᾧ
1154 3148 1185 3195 14

128 3242 229 3297 ταῦτα
262 3234 345 3315 δρᾶν
377 3234 540 3297 εἰώθεσαν
573 3233 607 3297 ολ
634 3231 810 3318 ὑπηρέται,
842 3243 974 3317 πρῶτον
1003 3229 1064 3317 μὲν
1093 3236 1133 3299 τά

127 3339 242 3402 παιδία
264 3347 321 3420 τῆς
339 3340 596 3423 Κρατησικλείας
619 3338 746 3422 ὁρώσης
769 3341 941 3423 ἔσφαττον,
964 3334 1033 3404 εἶτα
1052 3339 1133 3406 ἐκεί-

128 3468 210 3526 νην,
246 3443 283 3508 ’έν
315 3453 411 3508 τοῦτο
444 3446 549 3526 μόνον
582 3441 634 3507 ἐπὶ
665 3445 869 3526 τηλικούτοις
900 3443 1133 3530 φθεγξαμένην

127 3550 270 3615 πάθεσιν
295 3541 343 3611 Ὧ
365 3547 473 3632 τέκνα,
494 3561 555 3614 ποῖ
575 3547 732 3633 ἐμόλετε;’
754 3549 774 3632 ἡ
799 3546 835 3614 δέ
858 3550 1014 3627 Παντέως
1036 3555 1133 3635 γυνη,
1154 3569 1185 3618 15
