2668 4002
221 206 265 270 54
547 212 620 264 xm.
640 211 901 265 Διιαοεοιιαεε.

220 365 291 433 ἀλλ’
322 371 406 457 ἔργῳ
436 371 495 435 τὸν
524 368 634 452 πατέρ’
665 369 833 437 ἀδικοῦντ’
867 370 1050 454 ἀπέφαινες.
1099 370 1232 434 τούτων
1313 444 1314 461 χ

220 477 334 539 τοίνυν
357 471 456 540 οὐδὲν
479 473 602 542 πώποτ’
625 475 736 553 οὐδεὶς
758 488 866 542 ποιεῖν
889 477 1037 560 ἠξίωσεν.
1313 467 1314 472 ¹

284 576 365 663 Ἐγὼ
398 585 513 646 τοίνυν
544 583 639 646 ἱκανά
669 579 730 666 μὲν
760 582 905 672 ἡγοῦμαι
935 581 989 647 καὶ
1019 578 1111 647 ταῦτ’
1142 576 1231 646 εἰναι
1314 666 1315 676 ¹

218 688 301 768 πρὸς
327 688 387 770 τὴν
413 689 541 752 τούτων
571 687 756 753 ἀναίδειαν·
781 690 838 753 ἵνα
862 686 892 753 δ’
915 686 1032 771 εἰδῆτ’,
1060 684 1230 770 ὦάνδρες

215 787 399 875 Ἀθηναῖοι,
422 791 476 858 καί
500 791 575 879 περὶ
598 806 664 859 τῶν
688 796 809 877 άλλων,
836 788 981 888 ὡςιοῦδ
1003 795 1020 861 ὁ
1043 795 1147 877 πατὴρ
1170 793 1228 858 οὐ-

219 893 276 962 δὲν
299 898 406 981 ἠδίκει
429 902 691 984 περιοικοδομῶν
711 902 746 965 τὸ
766 904 890 985 χωρίον
910 896 1005 966 οὗτοί
1019 923 1053 964 τε
1072 910 1226 976 κατεψευ-

219 1001 333 1086 σμένοι
355 1002 448 1070 πάντ’
472 1008 557 1071 εἰσὶν
580 1006 685 1090 ἡμῶν,
712 1009 758 1070 ἔτι
782 1003 986 1091 σαφέστερον
1009 1007 1093 1090 ὑμᾶς
1115 1007 1226 1088 πειρά-

184 1123 317 1193 σσομαι
341 1111 519 1176 διδάσκειν.
556 1119 615 1176 τοῦ
639 1112 701 1194 γάρ
726 1116 848 1197 χωρίου
872 1121 931 1178 τοῦ
950 1109 977 1176 τ’
996 1111 1076 1194 ἐμοῦ
1094 1109 1226 1176 καὶτοῦ
1316 1112 1317 1138 ¹

218 1216 345 1281 τούτων
376 1219 413 1282 τὸ
445 1215 547 1301 μέσον
578 1216 655 1293 ὁδός
686 1217 791 1300 ἐστιν,
824 1220 924 1302 ὄρους
954 1213 991 1282 δέ
1020 1216 1228 1302 περιέχοντος

217 1322 326 1410 κύκλῳ
349 1335 418 1399 τοῖς
440 1327 573 1407 χωρίοις
595 1326 631 1388 τὸ
655 1322 835 1407 καταρρέον
854 1325 946 1406 ὕδωρ
966 1332 1004 1408 τῇ
1023 1318 1084 1407 μὲν
1102 1325 1149 1399 εἰς
1166 1324 1227 1406 τὴν

218 1426 309 1510 ὁδόν,
332 1437 370 1512 τῇ
395 1424 424 1492 δ’
447 1430 494 1504 εἰς
516 1428 555 1492 ιδι
578 1435 680 1514 χωρία
704 1434 880 1513 συμβαίνει
905 1429 1075 1515 φέρεσθαι.
1111 1429 1165 1495 καὶ
1183 1430 1226 1513 δὴ

217 1531 271 1596 καὶ
294 1542 391 1598 τοῦτο
414 1535 451 1599 τὸ
475 1536 646 1599 εἰσπῖπτον
669 1537 716 1610 εἰς
741 1537 802 1618 την
821 1535 913 1616 δδόν,
936 1528 1036 1622 ᾖμὲν
1055 1533 1096 1600 ἀν
1114 1535 1227 1620 εὐοδῇ,
1318 1556 1319 1612 ι

217 1637 350 1723 φέρεται
373 1640 459 1704 κάτω
483 1641 564 1705 κατά
587 1642 647 1723 τὴν
672 1640 764 1722 δδόυ,
788 1635 809 1726 ᾖ
834 1639 864 1706 δ’
887 1640 929 1706 ἀν
953 1640 1048 1726 ἐνστῇ
1071 1664 1114 1721 τι,
1135 1664 1226 1724 τηνι-

217 1754 320 1810 καῦτα
347 1743 436 1811 τοῦτ’
465 1749 511 1822 εἰς
538 1747 577 1810 τά
605 1743 699 1831 χωρί’
726 1746 928 1829 ὑπεραίρειν
947 1743 1126 1826 ἀναγκαῖον
1152 1745 1224 1828 ἤδη.
1319 1778 1320 1822 η

183 1850 270 1916 6καί
293 1853 335 1935 δη
358 1850 413 1917 καὶ
435 1853 516 1916 κατά
538 1862 635 1917 τοῦτο
657 1855 694 1917 τὸ
717 1858 851 1937 χωρίον,
873 1849 898 1918 ὦ
920 1855 1039 1938 ἀνδρες
1066 1857 1228 1937 δικασταί,

216 1956 395 2041 γενομένης
423 1957 600 2042 ἐπομβρίας
624 1957 745 2042 συνέβη
769 1961 805 2025 τὸ
829 1960 923 2045 ὕδωρ
947 1959 1113 2043 ἐμβαλεῖν·
1148 1956 1225 2041 ἀμε-

217 2059 320 2147 ληθὲν
331 2059 376 2145 δ’,
391 2063 482 2128 οὔπω
497 2072 557 2128 τοῦ
570 2067 692 2147 πατρὸς
706 2067 842 2150 ἔχοντος
856 2066 947 2148 αὐτό,
962 2063 1031 2129 ἀλλ’
1043 2063 1226 2147 ἀνθρώπου

217 2170 490 2254 δυσχεραίνοντος
518 2169 602 2245 ὅλως
624 2183 692 2246 τοῖς
714 2174 826 2247 τόποις
848 2170 902 2236 καί
930 2173 1055 2253 μᾶλλον
1079 2169 1227 2252 ἀστικοῦ,

218 2273 272 2351 δὶς
294 2273 348 2339 καὶ
370 2273 441 2359 τρὶς
464 2275 607 2359 ἐμβαλὸν
630 2278 667 2341 τὸ
690 2277 781 2359 ὕδωρ
806 2277 845 2341 τά
867 2298 902 2340 τε
924 2271 1017 2359 χωρί’
1041 2273 1225 2358 ἐλυμήνατο

217 2379 270 2445 καὶ
301 2385 427 2464 μᾶλλον
458 2381 622 2447 ὡδοποίει.
668 2384 721 2448 διὸ
753 2383 794 2465 δὴ
825 2378 922 2447 ταῦθ’
950 2380 968 2446 δ
996 2382 1101 2464 πατὴρ
1124 2382 1226 2464 δρῶν,

217 2487 261 2563 ὡς
284 2486 346 2569 ἐγὼ
369 2498 435 2552 τῶν
458 2489 596 2553 εἰδότων
620 2487 748 2570 ἀκούω,
772 2487 827 2553 καὶ
850 2499 916 2553 τῶν
938 2490 1097 2571 γειτόνων
1120 2485 1226 2552 ἐπινε-

217 2596 346 2676 μόντων
370 2595 436 2678 άμα
459 2593 513 2660 καί
536 2596 737 2677 βαδιζόντων
762 2596 816 2659 διά
843 2603 905 2659 τοῦ
927 2598 1067 2679 χωριόυ,
1093 2593 1153 2675 τὴν
1176 2595 1225 2658 αί-

184 2699 339 2782 τμασιδιυ
368 2701 635 2788 περιῳκοδόμησε
664 2700 795 2783 ταύτην.
842 2697 897 2763 καὶ
925 2699 969 2774 ὡς
996 2696 1087 2763 ταῦτ’
1115 2698 1225 2782 ἀληθῆ

217 2803 314 2886 λέγω,
336 2803 514 2890 παρέξομαι
537 2801 598 2888 μέν
621 2803 675 2870 καί
699 2805 865 2889 μάρτυρας
889 2804 969 2887 ὑμῖν
992 2804 1069 2880 τοὺς
1087 2804 1225 2886 εἰδότας,

216 2913 301 2976 πολὺ
326 2907 371 2992 δ’,
399 2906 424 2974 ὧ
448 2911 566 2991 ἀνδρες
586 2908 776 2992 Ἀθηναῖοι,
804 2921 871 2974 τῶν
894 2910 1070 2993 μαρτύρων
1093 2912 1225 2995 ἰσχυρό-

218 3040 295 3101 τερα
313 3018 476 3101 τεκμήρια.
510 3020 696 3100 Καλλικλῆς
715 3012 776 3101 μὲν
795 3016 858 3099 γάρ
878 3032 959 3099 φησι
979 3017 1038 3098 τὴν
1057 3017 1226 3101 χαράδραν

217 3123 524 3206 ἀποικοδομήσαντα
547 3123 703 3206 βλάπτειν
726 3120 761 3206 μ’
784 3122 899 3186 αὐτόν·
925 3120 987 3203 ἐγὼ
1011 3119 1041 3186 δ’
1063 3121 1224 3200 ἀποδείξω

183 3233 339 3315 εχωρίον
367 3229 406 3293 όν
434 3225 537 3309 τοῦτ’,
564 3225 635 3292 ἀλλ’
665 3228 705 3293 οὐ
734 3228 912 3314 χαράδραν.
958 3229 989 3291 εἰ
1012 3224 1072 3310 μὲν
1095 3223 1157 3292 οὖν
1178 3230 1224 3314 μὴ

217 3345 434 3419 συνεχωρεῖτο
457 3325 615 3416 ἡμέτερον
640 3335 729 3399 ἰδιον
752 3330 855 3416 εἰναι,
883 3329 951 3417 τάχ’
979 3331 1021 3397 διν
1043 3330 1130 3398 τοῦτ’
1152 3333 1224 3416 ηδι-

217 3450 351 3524 κοῦμεν,
369 3445 403 3504 εἰ
417 3463 448 3504 τι
467 3451 532 3504 τῶν
552 3440 722 3522 δημοσίων
743 3437 992 3529 ᾠκοδομοῦμεν·
1016 3446 1081 3503 νῦν
1099 3436 1130 3503 δ’
1147 3439 1223 3504 οὔτε

217 3544 304 3616 τοῦτ’
329 3545 604 3636 ἀμφισβητοῦσιν,
628 3548 696 3617 ἔστι
719 3543 746 3616 τ’
771 3545 807 3614 ἐν
830 3553 874 3639 τῷ
899 3547 1009 3640 χωρίρι
1028 3542 1149 3636 δένδρα
1167 3567 1223 3618 πε-
