2668 4002
237 212 260 274 4
617 217 637 266 1.
656 213 845 267 ΑΘΗΝΑΙΟΣ

238 369 292 436 καὶ
320 373 447 438 τούτων
470 373 578 439 ὀπτῶν
601 372 654 439 καλ
678 375 722 450 ὡς
745 373 797 440 ε’πλ
819 378 857 442 τὸ
880 378 965 442 πολὺ
989 379 1122 461 βοείων·
1154 379 1256 461 παρὰ

238 473 276 542 δὲ
299 487 399 543 ταῦτα
423 479 497 543 οὐτε
522 478 557 543 ἐν
582 476 708 563 ἑορταῖς
731 477 801 545 οὐτ’
823 479 859 546 ἐν
884 481 1000 565 γάμοις
1019 479 1086 546 οὐτ’
1104 481 1140 546 ἐν
1158 482 1254 567 άλλη

239 586 369 672 συνόδῳ
393 589 615 668 παρατίθησιν
637 583 748 668 οὐδέν,
770 591 875 651 καίτοι
897 586 1053 662 πολλάκις
1074 588 1134 652 τὸν
1150 583 1252 670 Ἀγα-

238 687 384 773 μέμνονα
411 693 548 773 ποιήσας
576 693 782 769 δειπνίζοντα
809 694 885 766 τοὺς
912 690 1081 775 ἀρίστους·
1118 689 1172 756 καὶ
1204 693 1250 757 οὐ

237 801 318 877 θρῖα
346 793 400 860 καὶ
423 797 590 862 κάνδυλον
612 795 666 861 καὶ
690 798 812 881 ἀμητας
835 797 1013 880 μελίπηκτά
1035 820 1069 862 τε
1092 807 1161 874 τοῖς
1182 801 1249 881 βα-

238 906 385 966 σιλεῦσιν
414 901 559 987 ἐξαίρετα
585 906 808 988 παρατίθησιν
829 901 985 987 Ὀμηρος,
1012 897 1084 968 ἀλλ’
1109 900 1166 988 ἀφ’
1195 898 1249 968 ὧν

202 1022 218 1070 3
237 1001 275 1072 εὐ
298 1006 382 1084 ἕξειν
406 1011 543 1091 ἔμελλον
561 1011 598 1074 τὸ
618 1020 710 1093 σῶμα
728 1007 783 1073 καὶ
801 1010 861 1091 τήν
879 1011 998 1094 ψυχήν.
1033 1015 1160 1074 Αίαντα
1178 1005 1247 1076 οὐν

135 1115 162 1165 Η
166 1113 316 1195 mum}
335 1115 394 1197 τήν
413 1119 618 1199 μονομαχίαν
639 1114 783 1179 νώτοισι
802 1108 965 1198 γέραιρεν’
984 1114 1245 1199 δἈγαμέμνων·

141 1189 227 1310 1723?
238 1216 291 1283 καὶ
306 1217 449 1303 Νέστορι
464 1217 494 1284 δ’
508 1221 571 1304 ήδη
588 1222 659 1285 ὐντι
674 1229 798 1308 γηραιῷ
813 1218 866 1285 καλ
884 1223 1015 1285 Φοίνικι
1029 1219 1125 1302 κρέας
1139 1219 1247 1285 ὀπτὸν

238 1324 387 1408 δίδωσιν,
410 1324 558 1408 ἀφιστῶν
581 1325 665 1409 ἡμᾶς
686 1338 753 1391 τῶν
777 1325 924 1391 ἀτάκτων
947 1325 1142 1408 ἐπιθυμιῶν.
1186 1325 1245 1390 καὶ

234 1426 403 1506 Ἀλκίνους
426 1427 462 1495 δὲ
486 1432 503 1497 δ
527 1434 585 1496 τὸν
607 1434 773 1515 τρυφερὸν
791 1428 954 1516 ᾑρημένος
976 1435 1051 1516 βίον
1070 1432 1146 1508 τοὺς
1163 1455 1245 1514 τρυ-

237 1535 445 1620 φερωτάτους
469 1535 583 1602 ἑστιῶν
604 1541 750 1612 Φαίακας
773 1535 827 1600 καὶ
850 1539 908 1601 τὸν
920 1531 1076 1601 Ὀδυσσέα
1096 1535 1245 1620 ξενίζων,

238 1641 503 1727 ἐπιδεικνύμενος
521 1643 608 1730 αὐτῷ
627 1644 688 1726 τὴν
705 1652 764 1707 τοῦ
779 1646 885 1725 κήπου
898 1642 1101 1724 κατασκευήν
1115 1638 1169 1707 καὶ
1184 1651 1245 1726 τῆς

238 1750 342 1823 οίκίας
363 1746 416 1813 καλ
439 1752 498 1814 τὸν
520 1749 623 1814 αὑτοῦ
646 1752 733 1833 βίον,
757 1749 908 1824 τοιαύτας
930 1753 1144 1830 παρατίθεται
1164 1771 1243 1832 τρα-

202 1869 219 1916 4
237 1853 340 1931 πέζας.
368 1852 422 1919 καὶ
436 1851 608 1930 Μενέλαος
627 1850 662 1918 δὲ
676 1857 753 1930 τούς
767 1865 832 1918 τῶν
846 1854 975 1918 παίδων
989 1854 1114 1935 γάμους
1126 1854 1242 1918 ποιού-

237 1982 335 2043 μενος
361 1957 415 2023 καί
443 1967 502 2023 τοῦ
530 1958 718 2043 Τηλεμάχου
744 1962 825 2041 πρὸς
848 1959 949 2024 αὐτὸν
971 1958 1241 2043 παραγενομένου

281 2081 351 2134 δυο.
583 2063 681 2129 “νῶτα
703 2066 781 2148 βοὸς
802 2063 989 2148 παρέθηκεν

281 2167 352 2235 ὄπτ’
372 2170 407 2236 έν
426 2169 539 2256 χερσὶν
559 2169 654 2252 ἑλῶν,
672 2170 711 2235 τά
731 2170 772 2254 ῥά
792 2171 826 2234 οί
842 2169 921 2253 γέρα
939 2171 1110 2254 πάρθεσαν
1129 2170 1239 2258 αὐτῷ]

140 2275 291 2358 μοικαὶ
309 2275 447 2360 Νέστωρ
470 2273 506 2342 δὲ
524 2280 604 2360 βόας
622 2278 699 2341 θύει
720 2278 906 2366 Ποσειδῶνι
925 2278 1012 2361 παρά
1030 2286 1068 2361 τῇ
1088 2278 1238 2362 θαλάσση

238 2384 292 2448 διά
320 2395 387 2448 τῶν
414 2384 579 2468 φιλτάτων
608 2380 661 2447 καὶ
690 2384 898 2448 οἰκειοτάτων
922 2381 1061 2464 τέκνων,
1087 2385 1239 2466 βασιλεὺς

238 2489 285 2553 ὢν
312 2487 367 2552 καὶ
393 2492 537 2564 πολλοὺς
565 2491 648 2572 ἔχων
671 2487 845 2571 ὑπηκόους.
891 2488 1049 2573 ὁσιωτέρα
1072 2488 1135 2571 γάρ
1158 2487 1238 2570 αὐτη

236 2594 257 2678 ἡ
285 2597 388 2659 θυσία
415 2601 507 2670 θεοῖς
534 2593 588 2658 καὶ
617 2593 878 2678 προσφιλεστέρα
901 2595 919 2677 ἡ
945 2596 999 2659 διά
1022 2605 1087 2658 τῶν
1111 2595 1239 2658 οἰκείων

236 2697 291 2764 καὶ
310 2699 537 2764 εὐνουστάτων
556 2699 697 2783 ἀνδρῶν.
729 2697 783 2763 καὶ
802 2702 879 2775 τοὺς
896 2709 1083 2784 μνηστῆρας
1097 2695 1133 2763 δὲ
1147 2699 1238 2783 ὑβρι-

238 2805 315 2881 στάς
346 2807 443 2882 ὄντας
471 2804 525 2870 καὶ
555 2807 642 2889 πρὸς
666 2803 788 2887 ἡδονάς
818 2803 1009 2888 ἀνειμένους
1039 2805 1113 2870 οὐτε
1145 2808 1239 2889 ίχθύς

203 2929 219 2976 5
238 2910 411 2986 ἐσθίοντας
432 2922 522 2976 ποιεῖ
542 2912 616 2976 οὐτε
637 2912 776 2995 ὄρνιθας
795 2910 869 2995 οὐτε
888 2914 1075 2993 μελίπηκτα.
1107 2909 1238 2994 Ἑλλήσ-

142 3037 158 3084 l
168 3037 361 3085 360.ποντον
389 3013 424 3081 δὲ
443 3015 588 3101 Ὅμηρος
611 3018 787 3101 ἰχθυόεντα
810 3017 1066 3099 προσαγορεύων
1089 3013 1143 3080 καὶ
1166 3019 1238 3092 τοὺς
1312 3089 1315 3114 4

240 3125 387 3198 Φαίακας
408 3121 677 3198 πλωτικωτάτους
698 3133 804 3186 ποιῶν
828 3118 881 3185 καὶ
905 3119 942 3185 ἐν
961 3129 998 3205 τῇ
1015 3118 1127 3207 Ἰθάκη
1147 3123 1237 3196 είδὼς

239 3225 371 3309 λιμένας
397 3225 606 3305 πλείουςκαὶ
629 3229 752 3309 νήσους
775 3239 943 3310 προσεχεῖς
965 3226 1103 3309 πολλάς,
1131 3226 1167 3291 ἐν
1189 3218 1237 3301 αἷς

239 3334 367 3420 ίχθύων
395 3332 518 3417 ε’γίνετο
546 3339 674 3416 πλῆθος
701 3329 755 3396 καὶ
779 3331 903 3414 ἀγρίων
927 3332 1091 3414 ὀρνίθων,
1119 3331 1173 3396 καὶ
1193 3334 1237 3409 είς

238 3439 452 3524 εὐδαιμονίαν
482 3436 518 3506 δὲ
548 3445 762 3523 καταριθμῶν
793 3439 829 3502 τὸ
857 3438 916 3520 τὴν
944 3438 1117 3502 θάλασσαν
1146 3441 1236 3523 ἰχθῦς

238 3544 403 3630 παρέχειν,
425 3545 513 3629 ὅμως
534 3547 661 3610 τούτων
685 3539 784 3609 οὐδὲν
808 3543 928 3609 οὐδένα
951 3555 1039 3609 ποιεῖ
1059 3548 1235 3628 προσφερό-
