2668 4002
191 235 235 300 46
561 239 644 292 ΧΠει.
663 237 810 291 mm.

263 469 335 534 XII.
363 469 494 555 Pugnae
517 469 552 534 in
575 469 681 534 triviis
704 469 908 536 Athenarum
932 468 1132 535 commissae.

340 594 368 656 a)
388 590 460 658 (Lys.
480 590 518 644 ΙΙΙ
540 597 616 646 1a2.
636 596 730 644 5-20.
759 589 794 647 cf.
812 589 880 644 fasc.
900 589 937 644 lv
952 607 979 659 p.
994 591 1048 660 45.)

264 716 290 768 Is
309 713 358 781 qui
377 729 490 767 causam
509 713 580 768 dicis
597 713 753 784 τραύματος
768 709 799 768 ἐκ
812 710 947 783 προνοίας
961 713 998 766 ad
1011 711 1197 781 Areopagitas

193 785 343 839 arcessitus
363 788 414 840 est.

161 944 174 990 1
261 930 377 993 Πολλά
399 927 454 993 καὶ
478 930 571 994 δεινά
594 930 754 1006 συνειδὼς
776 933 922 1013 Σίμωνι,
948 923 974 992 ὧ
997 930 1114 1012 βουλή,
1138 927 1198 993 οὐκ

193 1035 235 1098 ἀν
249 1032 320 1098 ποτ’
338 1035 440 1100 αὐτὸν
454 1037 501 1110 είς
513 1046 673 1101 τοσοῦτον
687 1037 808 1119 τόλμης
820 1034 993 1118 ἡγησάμην
1008 1032 1198 1118 ἀφικέσθαι,

194 1137 278 1205 ὥσθ’
299 1135 382 1224 ὑπὲρ
407 1134 454 1205 ὧν
477 1140 578 1206 αὐτὸν
602 1142 668 1206 ἔδει
693 1143 810 1206 δοῦναι
834 1141 943 1223 δίκην,
965 1135 1048 1223 ὑπὲρ
1072 1140 1197 1205 τούτων

194 1245 237 1321 ὡς
266 1245 486 1329 ἀδικούμενον
516 1249 660 1330 ἔγκλημα
682 1249 884 1330 ποιήσασθαι
907 1247 961 1311 καί
985 1246 1071 1311 οὕτω
1095 1244 1198 1329 μέγαν
1312 1307 1313 1310 ,

193 1351 247 1417 καὶ
275 1337 403 1436 σεμνὸν
426 1353 525 1438 ὅρκον
554 1353 796 1436 διομοσάμενον
823 1355 870 1428 είς
896 1353 981 1436 ὑμᾶς
1004 1351 1125 1441 ἐλθεῖν.
1170 1353 1200 1417 εί

194 1454 255 1541 μὲν
278 1453 340 1524 οὖν
363 1461 458 1524 ἀλλοι
480 1455 567 1534 τινες
589 1461 727 1542 ἔμελλον
750 1457 824 1542 περὶ
844 1458 924 1542 ἐμοῦ
944 1460 1199 1542 διαγνώσεσθαι,
1313 1459 1314 1474 ἢ

195 1561 312 1647 σφόδρ’
331 1562 373 1628 ἀν
392 1564 584 1648 ἐφοβούμην
597 1567 657 1630 τὸν
671 1567 842 1646 κίνδυνον,
862 1565 949 1647 ὁρῶν
965 1565 1014 1629 ὅτι
1029 1563 1082 1630 καὶ
1096 1587 1198 1647 παρα-

195 1669 308 1735 σκευαὶ
325 1668 380 1735 καὶ
399 1671 492 1753 τύχαι
512 1669 615 1736 ἐνίοτε
635 1680 783 1736 τοιαῦται
798 1674 979 1753 γίγνονται,
998 1671 1079 1734 ώστε
1094 1672 1199 1735 πολλὰ

195 1774 249 1840 καὶ
271 1777 358 1861 παρὰ
382 1778 517 1859 γνώμην
540 1775 733 1859 ἀποβαίνειν
756 1788 824 1852 τοῖς
847 1778 1117 1842 κινδυνεύουσιν·
1154 1778 1200 1852 είς

194 1880 279 1965 ὑμᾶς
301 1878 333 1945 δ’
354 1883 516 1946 εἰσελθὼν
540 1880 657 1960 ἐλπίζω
681 1893 748 1946 τῶν
771 1882 908 1946 δικαίων
929 1880 1112 1959 τεύξεσθαι.

160 2003 176 2050 2
256 1984 371 2070 Ἡμεῖς
402 1988 464 2071 γάρ
499 1987 767 2071 ἐπεθυμήσαμεν,
805 1982 830 2051 ώ
863 1990 985 2071 βουλή,
1023 1989 1200 2070 Θεοδότου,

196 2097 387 2158 Πλαταϊκοῦ
417 2097 604 2177 μειρακίου,
635 2091 689 2158 καί
720 2091 783 2175 ἐγώ
814 2091 874 2177 μὲν
901 2088 939 2157 εὖ
965 2103 1071 2158 ποιῶν
1098 2093 1200 2158 αὐτὸν

195 2197 310 2281 ἠξίουν
333 2195 422 2263 εἷναί
441 2223 497 2281 μοι
521 2201 632 2282 φίλον,
655 2193 752 2274 οὗτος
771 2195 802 2262 δ’
823 2198 966 2281 ὑβρίζων
984 2195 1040 2263 καὶ
1057 2220 1200 2281 παρανο-

195 2315 266 2388 μῶν
289 2301 361 2391 φύετ’
385 2303 583 2386 ἀναγκάσειν
608 2304 709 2369 αὐτὸν
727 2316 835 2368 ποιεῖν
854 2304 872 2368 ό
891 2327 921 2368 τι
940 2304 1102 2386 βούλοιτο.
1140 2305 1201 2371 ὅσα

195 2407 255 2494 μὲν
286 2405 348 2476 οὖν
375 2408 500 2486 ἐκεῖνος
526 2411 610 2474 κακά
637 2406 692 2475 ὑπ’
722 2410 825 2475 αὐτοῦ
852 2408 1014 2492 πέπονθε,
1045 2413 1130 2475 πολὺ
1159 2409 1200 2476 ἀν

196 2520 293 2599 ἔργον
322 2523 371 2600 εῖη
400 2514 523 2599 λέγειν·
561 2515 621 2580 ὅσα
645 2513 676 2579 δ’
698 2518 744 2592 είς
767 2513 822 2598 ἐμὲ
846 2515 947 2581 αὐτὸν
971 2514 1201 2599 ἐξημάρτηκεν,

195 2623 337 2706 ἡγοῦμαι
369 2620 468 2687 ταῦθ’
499 2623 579 2705 ὑμῖν
610 2625 788 2706 προσήκειν
819 2621 965 2687 ἀκοῦσαι.
1011 2625 1202 2704 πυθόμενος

196 2730 273 2812 γάρ,
301 2729 351 2793 ὅτι
379 2732 415 2793 τὸ
443 2729 613 2812 μειράκιον
640 2724 683 2811 ἦν
710 2725 785 2811 παρ’
817 2727 904 2811 ἐμοί,
932 2727 1042 2793 ἐλθὼν
1065 2726 1117 2792 ἐπὶ
1139 2729 1201 2811 τὴν

197 2837 303 2900 οίκίαν
330 2836 391 2918 τὴν
415 2821 498 2918 ἐμὴν
521 2834 650 2917 νύκτωρ
674 2834 826 2918 μεθύων,
854 2832 994 2911 ἐκκόψας
1016 2834 1072 2909 τάς
1094 2834 1202 2918 θύρας

196 2943 352 3024 εἰσῆλθεν
379 2942 426 3016 είς
453 2941 514 3023 τὴν
541 2951 791 3021 γυναικωνῖτιν,
824 2940 923 3004 ἔνδον
951 2939 1061 3005 οὐσῶν
1087 2949 1144 3022 τῆς
1171 2937 1199 3004 τ’

196 3045 339 3131 ἀδελφῆς
357 3057 415 3131 τῆς
433 3045 511 3129 ἐμῆς
528 3044 583 3109 καὶ
601 3057 668 3110 τῶν
686 3045 887 3130 ἀδελφιδῶν,
906 3049 943 3110 αἳ
959 3045 1045 3110 οὕτω
1059 3049 1202 3128 κοσμίως

195 3154 409 3237 βεβιώκασιν,
439 3153 520 3216 ὥστε
548 3149 602 3216 καὶ
629 3134 693 3216 ὑπὸ
722 3163 787 3216 τῶν
811 3153 942 3216 οἰκείων
966 3152 1130 3236 ὁρώμεναι
1153 3153 1202 3216 αἰ-

161 3275 176 3321 3
197 3261 387 3343 σχύνεσθαι.
425 3253 521 3333 οὗτος
539 3260 654 3322 τοίνυν
672 3259 719 3334 είς
737 3254 824 3323 τοῦτ’
842 3253 948 3340 ἦλθεν
966 3257 1104 3341 ὕβρεως,
1123 3255 1199 3321 ὥστ’

196 3365 237 3430 ού
265 3369 426 3450 πρότερον
456 3362 621 3446 ἠθέλησεν
654 3363 827 3445 ἀπελθεῖν,
859 3360 938 3447 πρὶν
971 3363 1072 3428 αὐτὸν
1103 3363 1202 3446 ἡγού-

195 3494 289 3554 μενοι
313 3471 407 3535 δεινὰ
429 3481 537 3534 ποιεῖν
561 3469 596 3533 οί
611 3471 871 3551 παραγενόμενοι
890 3466 944 3533 καί
963 3469 999 3533 οί
1014 3465 1081 3552 μετ’
1100 3468 1202 3534 αὐτοῦ

196 3574 351 3651 ἐλθόντες
379 3573 431 3640 ἐπὶ
459 3575 578 3650 παῖδας
606 3577 706 3658 κόρας
732 3573 786 3639 καί
815 3574 962 3658 ὀρφανὰς
984 3575 1130 3639 εἰσιόντα
1154 3573 1202 3654 ἐξ·
