2668 4002
476 217 521 268 Vl.
541 215 799 268 ΠΛΟΎΤΑΡΧΟΣ.

364 445 420 510 VI.
450 444 630 512 Chilonidis
653 447 768 512 uxoria
791 446 918 513 ceritas.

259 565 343 636 (Pho.
358 567 415 622 Vit.
429 567 512 636 Agid.
529 574 570 635 16,
585 573 681 636 3-18,
696 573 721 622 2.
741 567 775 624 of.
790 569 857 623 fase.
873 567 911 620 lV
924 585 951 638 p.
967 572 1021 634 22.)

209 688 397 758 Ροελοεηιιαω
415 690 484 759 Agis
507 707 556 744 rex
574 689 858 744 Lacedaemoniorum
881 708 925 745 rer
944 690 973 744 in
992 690 1086 760 patrie
1105 708 1146 745 ee·

140 760 261 812 eundum
275 760 395 830 Lycurgi
413 761 546 815 instituta
564 762 742 830 restauravit,
761 778 856 830 regem
870 761 1024 816 Leonidam
1041 761 1069 815 iu
1090 762 1145 816 exi-

139 829 209 882 lium
233 829 316 884 eiecit
333 831 363 885 iu
382 831 497 900 eiusque
515 831 608 886 lecum
626 831 833 886 Cleombrotum
853 832 912 886 eius
930 849 1062 901 generum
1083 833 1146 886 eub-

140 899 247 971 stituit,
271 902 337 956 dum
360 902 429 956 belli
452 901 568 971 gerendi
586 916 671 957 eausa
690 903 727 957 ab
745 902 813 957 urbe
833 904 927 972 abest,
955 902 1093 958 Leonidae
1113 920 1147 957 ex

140 971 223 1024 exilio
243 989 370 1026 reversus
389 990 480 1026 rerum
499 972 607 1042 pot'tur
626 974 670 1042 (ef.
686 973 754 1028 seeo.
771 973 808 1025 lV
822 991 850 1042 p.
866 979 922 1043 σῶμ

211 1119 285 1180 Τῶν
308 1113 345 1182 δδ
368 1115 531 1200 βασιλέων
555 1117 572 1182 6
596 1114 656 1201 μὲν
673 1111 764 1200 Ἆγις
788 1116 840 1182 έπλ
863 1118 923 1200 τὴν
948 1121 1146 1183 Χαλκίοικον
1166 1141 1179 1186 1

140 1220 337 1306 κατέφυγεν,
367 1222 384 1287 6
410 1219 447 1287 δδ
471 1226 699 1307 Κλεόμβροτος
722 1225 768 1300 εἰς
790 1226 827 1288 τὸ
850 1233 910 1288 τοῦ
933 1225 1252 1320 Ποσειδῶνοςθὲῐββ,13

141 1326 231 1409 λερὸν
255 1325 364 1392 ἐλθὼν
388 1327 522 1392 λκέτενε·
554 1327 610 1393 καὶ
633 1329 695 1412 χδιρ
720 1327 826 1393 ἐδόκει
849 1329 954 1417 τούτῳ
978 1334 1103 1412 μᾶλλον
1127 1329 1144 1394 ὁ
1180 1336 1218 1374 ²⁴2

141 1433 310 1509 Λεωνίδας
332 1435 471 1518 χαλεπὸς
494 1429 592 1517 εἶναι,
613 1433 668 1498 καὶ
687 1432 800 1518 παρεὶς
817 1436 876 1500 τὸν
889 1427 983 1517 Ἆγιν
1002 1433 1053 1499 έπλ
1072 1445 1146 1500 τοῦ·

140 1560 199 1602 τον
221 1536 322 1622 ἀνέβη
347 1541 543 1622 στρατιώτας
566 1543 650 1624 έχων
674 1539 728 1604 καὶ
751 1542 923 1624 κατηγόρει
946 1534 1013 1624 μετ’
1037 1540 1147 1624 ὀργῆς,

59 1691 63 1700 .
140 1643 190 1706 ὅτι
213 1646 359 1729 γαμβρὸς
383 1645 429 1709 διν
452 1645 689 1728 ἐπεβούλευσεν
713 1645 799 1732 αύτηλ
823 1644 878 1710 καὶ
895 1647 957 1730 τὴν
975 1650 1146 1730 βασιλείαν

140 1747 291 1831 ἀφείλετο
323 1747 378 1814 καὶ
411 1749 605 1834 συνεξέβαλε
637 1761 693 1834 της
724 1753 888 1836 πατρίδος.
944 1751 961 1816 ὁ
992 1748 1052 1835 μὲν
1085 1747 1180 1816 ούν2

140 1856 370 1936 Κλεόμβροτος
406 1852 505 1921 οὐδέν
542 1852 628 1941 εἶχεν
665 1859 787 1939 εἰπεῖν,
828 1855 901 1921 ἀλλ’
942 1855 1147 1940 ἠπορημένος

140 1957 282 2041 ἐκάθητο
305 1959 360 2026 καὶ
384 1973 529 2026 σιωπῶν·
562 1962 582 2044 ἡ
607 1958 644 2026 δὲ
668 1966 824 2045 Χιλωνίς,
846 1963 866 2046 ἡ
890 1973 949 2028 τοῦ
973 1964 1146 2028 Λεωνίδου

139 2067 301 2151 θυχύτηρ,
324 2071 487 2151 πρότερον
509 2064 570 2150 μέν
593 2067 798 2156 ἀδικουμένῳ
822 2077 867 2154 τῷ
890 2067 988 2153 πατρὶ
1012 2070 1146 2152 συνηδι-

139 2183 226 2236 κεῖτο
245 2170 300 2236 καλ
318 2182 377 2238 τοῦ
393 2175 625 2257 Κλεομβρότου
640 2175 700 2256 τὴν
715 2177 886 2256 βασιλείαν
899 2177 1147 2258 παραλαβόντος

140 2275 308 2342 ἀποστᾶσα
340 2280 399 2362 τὴν
433 2289 492 2344 τοῦ
523 2281 645 2363 πατρὸς
676 2280 851 2364 συμφορὰν
883 2278 1062 2362 ἐθεράπευε
1092 2278 1146 2344 καὶ

139 2385 277 2466 παρόντι
305 2380 366 2467 μὲν
394 2382 596 2467 συνικέτευε,
626 2385 807 2468 φεύγοντος
835 2382 871 2449 δὲ
898 2391 1070 2450 πενθοῦσα
1092 2383 1146 2449 καὶ

139 2491 286 2572 χαλεπῶς
310 2491 430 2574 ἔχουσα
452 2491 534 2574 πρὸς
556 2492 614 2555 τὸν
636 2493 870 2574 Κλεόμβροτον
895 2488 1047 2574 διετέλει,
1074 2493 1146 2555 τότε

140 2590 177 2657 δὲ
209 2589 250 2658 αὖ
283 2595 383 2660 πόλιν
412 2607 483 2671 ταῖς
511 2597 623 2680 τύχαις
653 2599 948 2679 συμμεταβαλοῦσα
978 2597 1057 2679 μετὰ
1087 2607 1146 2662 τοῦ

140 2698 262 2783 ἀνδρὸς
295 2698 392 2776 ἱκέτις
424 2702 522 2784 ὤφθη
555 2700 773 2784 καθεζομένη,
805 2705 1059 2786 περιβεβληκυῖα
1090 2703 1147 2778 τδις

139 2817 248 2890 χεῖρας
276 2804 389 2895 ἐκείνῳ
417 2805 471 2871 καὶ
499 2818 565 2871 τῶν
592 2809 735 2871 παιδίων
762 2809 798 2873 τὸ
823 2804 883 2891 μὲν
906 2809 1023 2889 ἔνθεν,
1050 2809 1087 2872 τὸ
1112 2805 1141 2872 δ’

140 2913 239 2975 ἔνθεν
270 2909 328 2995 ὑφ’
361 2912 464 2996 αὑτὴν
497 2914 626 2996 ἔχουσα.
675 2915 915 2996 θαυμαζόντων
947 2909 984 2977 δδ
1014 2913 1180 2978 πόντωνσ

139 3014 193 3080 καὶ
226 3018 439 3099 δακρυόντων
473 3016 524 3082 ἐπὶ
556 3025 594 3101 τῇ
624 3020 817 3102 χρηστότητι
846 3016 900 3084 καὶ
930 3022 1146 3105 φιλοστοργία

139 3132 196 3207 της
214 3126 380 3205 γυναικός,
400 3121 550 3206 ἁψαμένη
569 3134 635 3186 τῶν
654 3122 787 3187 πέπλων
806 3121 860 3188 καὶ
879 3132 934 3206 τῆς
952 3127 1054 3207 κόμης
1070 3123 1146 3206 αἰτη-

139 3233 243 3312 μελῶς
263 3227 405 3312 ἐχόντων
425 3227 557 3293 “Τοῦτο’
577 3225 679 3311 εἶπεν,
702 3226 739 3294 εὦ
759 3229 871 3311 πάτερ,
894 3227 965 3313 ἐμοὶ
984 3232 1020 3294 τὸ
1040 3239 1146 3314 σχῆμα

138 3332 191 3398 καλ
219 3336 280 3419 τὴν
309 3335 387 3412 ὄψιν
415 3335 474 3418 οὐχ
501 3334 518 3399 ὁ
542 3337 776 3418 Κλεομβρότου
803 3335 1019 3421 περιτέθηκεν
1045 3337 1146 3418 ἔλεος,

139 3437 209 3506 ἀλλ’
232 3439 295 3505 ἀπὸ
319 3451 386 3504 τῶν
410 3452 478 3505 σῶν
501 3451 611 3504 κακῶν
633 3438 688 3504 καὶ
710 3449 766 3523 της
786 3448 844 3522 σῆς
861 3449 969 3524 φυγῆς
987 3439 1149 3523 μεμένηκέ

138 3569 194 3629 μοι
216 3547 405 3631 σύντροφον
428 3544 483 3610 καὶ
507 3546 663 3611 σύνοικον
687 3548 723 3610 τὸ
746 3543 878 3622 πένθος.
920 3547 1060 3628 πότερον
1083 3541 1145 3610 οὖν
1164 3561 1181 3610 4
