2668 4002
166 130 210 192 24
552 134 583 185 V.
605 132 788 189 ΞΕΝΟΦΩΝ.

169 287 205 355 δέ
224 287 278 354 καὶ
297 291 333 355 τὸ
352 289 528 374 φυλάττειν
546 291 585 357 τδι
609 289 836 375 είσενεχθέντα
858 299 897 375 τη
920 287 1051 373 γυναικὶ
1072 307 1174 373 προσ-

169 395 274 478 έταξε,
302 397 496 479 γιγνώσκων
518 397 536 462 ὁ
559 398 654 478 θεός,
682 397 731 460 ὅτι
759 398 840 479 πρὸς
867 399 903 462 τὸ
931 396 1107 481 φυλάττειν
1132 396 1174 460 οὐ

168 503 284 566 κάκιόν
313 501 380 566 ἐστι
408 503 556 585 φοβερὰν
585 498 669 567 εἶναι
698 503 758 585 τήν
786 505 912 586 ψυχήν,
938 508 1053 568 πλεῖον
1076 501 1175 587 μέρος

119 626 149 674 18
168 605 223 671 καὶ
246 616 305 672 τοῦ
328 610 436 691 φόβον
461 606 599 674 ἐδήσατο
622 617 660 693 τῇ
680 607 812 690 γυναικὶ
831 608 851 692 ή
870 616 914 693 τῷ
934 605 1040 693 ἀνδρί.
1077 609 1174 684 εἰδὼς

170 711 222 795 δέ,
245 713 295 777 ὅτι
318 711 372 776 καὶ
395 712 531 797 ἀρήγειν
554 708 596 778 αὖ
620 715 746 796 δεήσει,
770 712 827 778 εἰίν
850 737 899 790 τις
921 711 1030 798 ἀδική,
1052 715 1111 778 τὸν
1133 715 1174 777 τδι

169 817 230 896 ἔξω
255 821 334 903 ἔργα
357 821 485 904 ἔχοντα,
507 821 612 907 τούτῳ
635 815 678 882 αὖ
700 824 814 884 κλεῖον
834 817 931 904 μέρος
948 829 1007 884 τοῦ
1025 819 1175 903 θράσους

170 923 317 990 ἐδαίσατο.
359 925 409 989 ὅτι
432 922 463 989 δ’
487 924 691 1009 ἀμφοτέρους
713 923 840 990 δεῖκαὶ
864 927 994 991 διδόναι
1016 925 1071 990 καὶ
1094 930 1174 1009 λαμ-

169 1030 300 1113 βάνειν,
327 1032 388 1114 τήν
416 1033 547 1115 μνήμην
574 1030 629 1095 καὶ
654 1033 714 1114 τήν
737 1030 923 1115 έκιμέλειαν
945 1034 992 1107 είς
1013 1034 1050 1097 τὸ
1073 1031 1175 1114 μέσον

170 1135 366 1220 ἀμφοτέροις
402 1136 592 1220 κατέθηκεν.
644 1137 726 1201 ὥστε
759 1137 819 1202 οὐκ
852 1137 893 1201 ἀν
924 1138 1010 1222 ἔχοις
1041 1139 1175 1220 διελεῖν,

169 1245 290 1326 κότερα
312 1244 349 1307 τὸ
374 1245 473 1318 έθνος
494 1245 531 1308 τὸ
555 1248 643 1325 θήλυ
667 1243 687 1326 ή
710 1245 746 1307 τὸ
770 1244 870 1326 ἀρρεν
893 1243 1019 1308 τούτων
1041 1248 1175 1308 πλεονε-

129 1367 131 1371 ’
169 1360 247 1413 κτεῖ.
292 1345 346 1412 καὶ
373 1351 411 1414 τὸ
439 1347 604 1433 ἐγκρατεῖς
632 1345 670 1414 δὲ
693 1345 777 1415 εἶναι
802 1343 849 1413 ὧν
871 1351 925 1414 δεῖ
945 1351 992 1426 είς
1013 1351 1050 1414 τὸ
1073 1348 1176 1433 μέσον

170 1452 367 1539 ἀμφοτέροις
393 1453 569 1537 κατέθηκε,
596 1452 650 1519 καὶ
679 1454 830 1532 ἐξουσίαν
859 1455 1012 1539 έκοίησεν
1039 1455 1057 1521 ὁ
1084 1458 1176 1538 θεός,

170 1560 325 1644 ὁκότερος
347 1559 389 1624 ἀν
411 1553 432 1646 ᾖ
456 1563 605 1644 βελτίων,
629 1557 693 1625 εἶθ’
716 1562 734 1627 ὁ
758 1560 841 1646 ἀνήρ
860 1559 926 1626 εἴθ’
945 1561 962 1644 ή
981 1561 1077 1644 γυνή,
1099 1571 1174 1627 τοῦ·

120 1686 151 1733 19
171 1690 229 1731 τον
251 1664 307 1730 καὶ
329 1671 444 1731 κλεῖον
467 1664 628 1750 φέρεσθαι
651 1668 770 1732 τούτου
793 1677 852 1732 τοῦ
876 1666 1014 1749 ἀγαθοῦ.
1060 1667 1115 1731 διὰ
1138 1662 1175 1731 δὲ

171 1773 207 1837 τὸ
239 1771 300 1853 τήν
329 1772 432 1854 φύσιν
462 1773 506 1855 μή
536 1773 618 1855 πρὸς
647 1772 753 1835 πάντα
781 1771 882 1836 ταύτὰ
912 1771 1107 1857 ἀμφοτέρων
1136 1767 1174 1837 εὖ

171 1875 362 1961 πεφυκέναι,
386 1877 440 1941 διδι
464 1887 559 1942 τοῦτο
583 1875 637 1941 καλ
659 1875 788 1943 δέονται
807 1883 932 1962 μᾶλλον
950 1878 1102 1962 ἀλλήλων
1120 1877 1175 1943 καὶ

172 1986 208 2048 τὸ
233 1986 343 2065 ζεῦγος
366 1983 617 2067 ὠφελιμώτερον
640 1981 743 2070 ἑαυτῷ
763 1982 945 2067 γεγένηται,
968 1984 1044 2049 δτδ
1063 1983 1175 2069 ἕτερον

172 2087 352 2153 ἐλλείκεται
384 2091 421 2153 τὸ
451 2087 564 2173 ἕτερον
594 2090 791 2171 δυνάμενον.
840 2099 941 2154 ταῦτα
970 2088 1048 2173 δέ’,
1080 2093 1176 2176 ἔφην,

172 2195 250 2259 “det
270 2194 369 2278 ἡμᾶς,
397 2189 421 2258 ὦ
446 2196 559 2277 γύναι,
588 2197 729 2278 εἰδότας,
753 2195 773 2259 δ
797 2193 936 2284 ἑκατέρῳ
959 2196 1052 2280 ἡμῶν
1074 2213 1176 2281 κροσ-

172 2300 319 2366 τέτακται
351 2299 415 2365 ὑπὸ
448 2310 507 2364 τοῦ
539 2307 641 2384 θεοῦ,
672 2307 850 2385 πειρᾶσθαι
883 2302 926 2377 ὡς
957 2301 1107 2385 βέλτιστα
1136 2303 1175 2366 τὰ

171 2408 379 2491 προσήκοντα
403 2404 542 2494 ἑκατέρῳ
567 2405 659 2490 ἡμῶν
682 2407 947 2490 διαπράττεσθαι.
986 2419 1179 2472 συνεκαινεῖ

173 2512 245 2595 δέ’,
268 2515 330 2596 ἔφη
354 2513 468 2597 φοίναι,
492 2510 570 2576 “nal
593 2513 611 2578 ὁ
634 2515 735 2596 νόμος
757 2512 850 2594 αὐτοί,
874 2516 1052 2596 συζευγνὺς
1070 2515 1176 2599 ἀνδρα

121 2639 154 2686 20
173 2617 227 2683 καὶ
249 2613 397 2702 γυναῖκα.
434 2615 488 2682 καὶ
507 2621 688 2694 κοινωνοὺς
707 2619 816 2698 ὥσπερ
834 2630 900 2683 τῶν
918 2617 1042 2683 τέκνοιν
1061 2620 1079 2685 ὁ
1097 2622 1176 2696 θεὸς

174 2724 337 2807 έκοίησεν,
361 2724 446 2788 οὕτω
469 2722 523 2788 καλ
547 2724 565 2790 ὁ
588 2727 690 2806 νόμος
711 2733 771 2789 τοῦ
791 2730 885 2789 οίκου
904 2728 1088 2808 καθίστησι.
1121 2723 1176 2789 καὶ

173 2831 255 2894 καλὰ
280 2825 316 2893 δέ
339 2825 424 2894 εἶναι
447 2830 465 2895 ὁ
488 2833 589 2912 νόμος
612 2828 858 2912 ἀποδείκνυσιν,
881 2830 901 2894 δ
920 2831 937 2896 ὁ
956 2832 1036 2906 θεὸς
1054 2833 1176 2915 ἔφυσεν

175 2935 328 3017 ε’κιίτερον
351 2939 477 3018 μᾶλλον
500 2936 675 2999 δύνασθαι.
716 2945 754 3019 τῇ
778 2931 838 3019 μὲν
861 2937 923 3020 γὰρ
947 2933 1078 3019 γυναικὶ
1100 2936 1176 3000 κοίλ-

128 3073 130 3078 ’
175 3048 247 3107 λιον
271 3043 370 3106 ἔνδον
393 3038 505 3123 μένειν
528 3039 547 3123 ή
571 3045 771 3125 θυραυλεῖν,
799 3051 843 3128 τῷ
869 3037 905 3104 δέ
929 3039 1026 3124 ἀνδρὶ
1048 3048 1176 3126 αἴσχιον

174 3150 272 3212 ἔνδον
296 3145 407 3232 μένειν
430 3145 450 3230 ή
473 3158 539 3211 τῶν
563 3145 622 3224 ἔξω
647 3146 878 3229 ἐπιμελεῖσθαι.
916 3148 947 3211 εἰ
969 3145 1008 3210 δέ
1028 3171 1076 3223 τις
1097 3145 1173 3230 παρ’

174 3254 194 3319 δ
218 3254 235 3319 ὁ
259 3255 337 3329 θεὸς
360 3255 460 3337 ἔφυσε
479 3265 577 3335 ποιεῖ,
601 3259 678 3328 ἴσως
696 3277 726 3317 τι
745 3251 798 3316 καὶ
817 3252 964 3317 ἀτακτῶν
983 3255 1059 3329 τοὺς
1076 3255 1178 3330 θεοὺς

176 3361 215 3427 οὐ
243 3363 340 3443 λήθει
367 3356 422 3422 καὶ
450 3360 546 3442 δίκην
573 3359 712 3423 δίδωσιν
741 3357 870 3440 ἀμελῶν
893 3369 959 3422 τῶν
982 3361 1088 3443 ἔργον
1110 3369 1177 3424 τῶν

177 3464 295 3531 ἑαυτοῦ
317 3463 338 3546 ή
360 3465 512 3549 κράττων
535 3465 575 3529 τὰ
598 3473 654 3547 της
676 3465 831 3545 γυναικὸς
854 3461 967 3546 έργα.”
