2668 4002
460 165 516 214 XV.
536 165 797 220 Δεμοεοεαειε.
1092 165 1132 228 6ῖ

131 325 285 405 τολμῆσαι
299 323 433 388 τοιαῦτά
448 321 480 405 γ’
504 323 772 408 ἐσκευωρημένον
786 323 839 390 καλ
854 329 1064 408 πεποιηκότα,
1077 321 1133 391 οὗ·

131 413 192 507 τος,
215 423 241 492 ὦ
265 428 383 509 ἀνδρες
397 425 580 511 Ἀθηναῖοι,
603 439 762 496 τοσοῦτον
780 429 1023 515 ὑπερβέβληκεν
1042 430 1133 496 ἀναι-

131 533 200 617 δείᾳ
213 529 267 596 καλ
281 536 395 618 τόλμη,
410 530 484 597 ὥστ’
497 533 558 598 οὐκ
572 533 712 616 ἐλήλυθε
727 539 842 618 μόνον,
857 534 939 601 ἀλλά
953 533 1007 600 καλ
1017 546 1076 601 τοῦ
1086 539 1133 601 σι’-

130 659 186 702 του
199 648 259 703 τοῦ
272 637 432 722 ἡμετέρου
446 637 694 722 ἀμφισβητήσας
707 639 786 723 ἡμῖν
801 644 897 725 δίκην
910 645 1133 726 προσείληχεν.

198 747 239 807 Τί
259 738 322 810 οὖν
343 740 414 810 ποτ’
437 742 505 809 ἐστὶ
528 745 564 810 τὸ
583 751 701 828 αίτιον,
723 744 777 810 κοιλ
797 755 840 835 τῶ
859 743 930 812 ποτ’
949 745 1129 831 ἐπηρμένος
1150 765 1163 811 7

129 844 223 926 οὗτος
249 848 303 914 καλ
331 848 474 932 ἐλήλυθε
500 847 555 914 καλ
583 851 644 933 τήν
673 851 768 934 δίκην
792 856 935 937 είληχεν;
966 851 1029 934 ἐγὼ
1052 852 1132 935 ὑμῖν

130 953 201 1039 ἐρῶ,
224 956 343 1040 ἀνδρες
366 956 526 1037 δικασταί,
548 953 735 1040 ἀχθόμενος
757 952 818 1039 μὲν
840 958 882 1040 νή
906 959 964 1022 τὸν
987 961 1055 1022 Δία
1077 955 1131 1022 καί

128 1062 238 1143 θεούς,
261 1059 521 1143 ἀναγκαζόμενος
544 1059 590 1124 δέ.
616 1063 718 1125 Ιἐστιν
737 1061 934 1147 ἐργαστήρια
953 1068 1132 1147 μοχθηρῶν

128 1166 315 1247 ἀνθρώπων
346 1168 594 1248 συνεστηκότων
625 1165 661 1230 ἐν
690 1175 735 1253 τῷ
767 1172 931 1248 Πειραιεῖ·
968 1167 1026 1244 οὓς
1056 1167 1128 1233 οὐδ’

128 1273 220 1355 ὑμεῖς
249 1269 438 1356 ἀγνοήσαιτ’
468 1271 510 1336 ἀν
540 1273 675 1348 ίδόντες.
726 1273 761 1337 ἐκ
790 1274 917 1338 τούτων
946 1269 1011 1356 ἐν’,
1039 1270 1166 1357 ἡνίχ’8

128 1373 223 1453 οὗτος
245 1379 412 1460 ἔπραττεν,
435 1376 522 1453 ὅπως
539 1376 559 1459 ή
579 1387 661 1454 ναῦς
683 1379 727 1461 μή
749 1379 1003 1444 καταπλεύσεται
1022 1380 1133 1462 δεῦρο,

126 1483 329 1566 πρεσβευτήν
352 1481 388 1546 ἐκ
411 1485 534 1566 βουλῆς
556 1507 630 1546 τινα
654 1485 863 1567 λαμβάνομεν
886 1486 1054 1567 γνώριμον
1077 1486 1132 1550 οὑ-

126 1593 221 1670 τωσί,
244 1588 262 1652 ὅ
285 1612 315 1652 τι
339 1585 369 1652 δ’
391 1583 433 1670 ήν
457 1587 519 1652 οὐκ
543 1589 682 1672 εἰδότες,
704 1587 839 1674 ἀτύχημ’
864 1585 963 1655 οὐδὲν
986 1593 1132 1672 ἔλαττον,

125 1698 157 1760 εί
178 1686 251 1760 οἶόν
269 1690 299 1757 τ’
318 1695 433 1776 εἰπεῖν,
456 1693 685 1778 ἀτυχήσαντες,
708 1693 728 1778 ή
747 1697 784 1759 τὸ
803 1694 835 1772 ἐξ
855 1694 955 1782 ἀρχῆς
973 1708 1132 1781 πονηροῖς

125 1801 317 1882 ἀνθρώποις
342 1797 522 1883 συμμεῖξαι.
566 1795 662 1875 οὗτος
693 1799 710 1864 ὁ
743 1799 906 1883 πεμφθεὶς
940 1798 996 1884 ὑφ’
1027 1800 1132 1885 ἡμῶν,

119 1911 327 1990 Ἀριστοφῶν
355 1899 448 1986 ὄνομ’
476 1903 579 1990 αὐτῷ,
607 1904 833 1988 ἠργολάβηκεν
861 1905 959 1982 αὐτὸς
981 1905 1035 1971 καλ
1057 1931 1131 1970 κατ-

123 2015 320 2095 επήγγελται
347 2013 482 2097 τουτῳί,
509 2008 563 2074 καλ
592 2011 675 2086 ὅλως
699 2009 788 2076 ἐστὶν
811 2011 829 2076 ὁ
852 2012 958 2076 πάντα
981 2013 1131 2095 πράττων

124 2113 237 2192 οὗτος·
269 2114 323 2182 ὁδὶ
351 2111 382 2179 δ’
409 2117 550 2197 ἀσμενος
577 2115 726 2182 δέδεκται
752 2127 861 2182 ταῦτα.
908 2117 952 2193 ὡς
974 2118 1036 2202 γάρ
1060 2119 1163 2201 διή-9

123 2245 226 2306 μαρτε
244 2232 304 2287 τοῦ
322 2223 549 2306 διαφθαρῆναι
567 2224 604 2287 τὸ
623 2227 752 2304 πλοῖον,
770 2223 832 2287 οὐκ
848 2225 933 2306 έχων
947 2222 1130 2289 ἀποδοῦναι

122 2329 164 2392 τά
192 2334 338 2413 χρήματα
365 2339 434 2402 τοῖς
461 2329 632 2392 δανείσασι
660 2330 741 2409 (πῶς
769 2329 847 2412 γάρ,
873 2329 895 2393 ά
918 2325 950 2410 γ’
974 2327 1006 2406 ἐξ
1030 2328 1131 2414 ἀρχῆς

123 2435 169 2518 μή
203 2431 369 2512 ἐνέθετος)
406 2431 619 2498 ἀντιποιεῖται
656 2445 722 2498 τῶν
758 2433 924 2518 ήμετέρων
959 2440 1015 2498 καί
1045 2453 1127 2518 φησι

123 2549 170 2627 τῷ
207 2536 414 2626 Ἡγεστράτῳ
457 2537 509 2603 ἐπὶ
549 2541 655 2627 τούτῳ
696 2549 740 2623 τςῦ
779 2545 857 2628 σίτφ
894 2537 1129 2621 δεδανεικέναι,

122 2645 165 2710 ὃν
192 2645 210 2711 δ
237 2640 313 2728 παρ’
340 2644 432 2727 ἡμῶν
459 2642 621 2709 ἐπιπλέων
649 2644 790 2728 ἐπρίατο.
837 2646 872 2710 οί
896 2640 933 2710 δέ
961 2643 1127 2710 δανεισταί

122 2753 161 2816 τὸ
192 2748 225 2827 ἐξ
255 2748 356 2834 ἀρχῆς
384 2749 600 2833 ἠπατημένοι,
633 2751 773 2834 δρῶντες
803 2749 930 2826 ἑαυτοῖς
959 2748 1032 2814 ἀντὶ
1060 2761 1128 2815 τῶν

122 2855 299 2940 χρημάτων
322 2856 503 2935 ἀνθρωπον
525 2857 673 2939 πονηρὸν
691 2857 846 2940 χρήστην,
869 2857 950 2921 ἀλλο
969 2854 998 2920 δ’
1019 2854 1129 2937 οὐδέν,

122 2957 230 3025 ἐλπίδ’
254 2962 383 3045 ἔχοντες
404 2960 469 3025 ὑπὸ
491 2962 610 3026 τούτου
633 2961 954 3045 παρακρουσθέντων
976 2961 1070 3044 ὑμῶν
1094 2961 1129 3026 ἐκ

120 3077 190 3130 τῶν
213 3064 379 3150 ήμετέρων
402 3065 632 3150 ἀπολήψεσθαι
654 3068 693 3132 τά
717 3065 853 3150 ἑαυτῶν,
876 3066 915 3132 ὃν
940 3073 1028 3132 ῖσασι
1051 3078 1129 3145 φευ-

120 3175 267 3255 δόμενον
294 3181 394 3235 ταῦτα
421 3167 497 3235 καθ’
525 3171 634 3255 ήμῶν,
661 3173 766 3260 τούτῳ
795 3175 964 3237 συνδικεῖν
987 3171 1129 3255 ἀναγκά-

120 3282 234 3356 ζονται
256 3287 315 3342 τοῦ
339 3274 564 3360 συμφέροντος
587 3277 682 3341 ἕνεκα
705 3287 764 3342 τοῦ
787 3275 921 3342 ἑαυτῶν.

116 3382 166 3446 (In
186 3379 226 3434 eis
245 3395 316 3447 quae
336 3381 468 3433 secuntur
485 3380 596 3434 ceterae
614 3378 773 3434 referuntur
786 3383 868 3447 artes,
888 3378 1071 3448 quibusnam
1086 3382 1130 3436 est

279 3448 467 3516 Zenothemis,
486 3452 518 3502 ut
536 3448 707 3503 frumentum
726 3448 781 3504 sibi
799 3449 974 3520 vindicaret.)

935 3592 970 3645 5·
