2668 4002
197 193 241 258 30
524 197 597 248 VIII.
616 195 874 250 ΠΛΟΤΤΑΡΧΟΣ.

195 349 255 438 μέν
287 348 350 419 οὖν
380 365 440 420 τοῦ
473 353 668 439 Χρυσέρμου
702 359 914 437 Πτολεμαῖον
947 353 982 419 ἐκ
1013 351 1206 438 τήςαάλής
1320 329 1321 397 δ

196 458 324 536 ἐξιόντα
345 472 432 543 τρεῖς
454 460 556 536 εὐθὺς
584 464 825 544 προσπεσόντες
848 457 1056 524 ἀπέκτειναν
1090 455 1204 542 ἑτέρου

195 561 234 629 δέ
252 569 460 650 Πτολεμαίου
481 576 541 631 τοῦ
562 566 793 650 φυλάσσοντος
811 567 872 650 τήν
891 568 989 630 πόλιν
1007 563 1205 640 ἐλαύνοντος
1318 581 1319 586 ’

195 672 314 755 ἅρματι
349 673 431 755 πρὸς
466 671 586 747 αὐτοὺς
625 672 827 755 ὁρμήσαντες
859 671 1003 736 ἐναντίοι
1035 673 1112 746 τοὺς
1143 667 1204 753 μέν

197 775 359 860 ὑπηρέτας
379 775 434 842 καὶ
453 779 664 862 δορυφόρους
683 776 910 864 διεσκέδασαν,
933 776 1035 842 αὐτὸν
1053 773 1090 841 δὲ
1107 800 1204 840 κατα-

162 901 178 948 6
198 884 378 959 σπάσαντες
396 882 459 949 ἀπὸ
478 892 537 948 τοῦ
559 884 704 967 ἅρματος
722 881 923 948 ἀπέκτειναν.
958 879 1026 947 εἶτα
1045 883 1127 966 πρὸς
1143 883 1204 964 τήν

197 990 302 1072 άκραν
321 988 468 1074 ἐχώρουν
484 987 663 1072 ἀναρρῆξαι
679 989 915 1072 διανοούμενοι
928 991 964 1054 τὸ
979 989 1205 1072 δεσμωτήριον

197 1092 251 1158 καὶ
274 1097 459 1178 χρήσασθαι
478 1103 522 1180 τῷ
540 1096 663 1177 πλήθει
683 1104 749 1158 τῶν
768 1093 961 1178 δεδεμένων.
995 1096 1148 1179 ἔφθασαν
1167 1089 1205 1157 δέ

198 1198 400 1283 φραξάμενοι
427 1204 533 1275 καλῶς
559 1201 594 1264 οί
614 1201 774 1282 φύλακες,
802 1201 884 1264 ὥστε
907 1198 961 1264 καὶ
983 1201 1102 1283 ταύτης
1124 1197 1205 1263 ἀπο-

198 1305 404 1388 κρονσθέντα
427 1314 483 1388 τῆς
505 1309 618 1390 πείρας
641 1307 700 1370 τὸν
718 1304 890 1390 Κλεομένη
913 1303 1131 1389 διαφέρεσθαι
1150 1303 1205 1369 καὶ

198 1416 388 1476 πλανᾶσθαι
406 1412 487 1475 κατά
505 1413 566 1495 τήν
584 1415 693 1493 πόλιν,
712 1411 850 1486 οὐδενὸς
868 1411 955 1498 αὐτῷ
971 1421 1206 1496 προσχωροῦν-
1320 1453 1321 1467 ι

165 1535 179 1584 '1
198 1541 264 1600 τος,
283 1515 366 1580 ἀλλά
384 1520 577 1601 φευγόντων
598 1515 651 1581 καί
673 1515 893 1601 φοβουμένων
910 1516 1073 1581 ἁπάντων.
1101 1517 1207 1593 οὕτως

200 1618 262 1688 οὖν
289 1621 431 1698 ἀποστάς
457 1621 511 1686 καὶ
539 1625 620 1706 πρὸς
647 1626 724 1699 τοὺς
747 1627 865 1707 φίλους
888 1624 989 1687 εἰπών
1019 1619 1140 1687 Ὁύδέν
1162 1617 1207 1705 ἦν

200 1729 263 1811 ἀρα
285 1729 479 1811 θαυμαστὸν
497 1729 610 1812 ἀρχειν
628 1740 786 1811 γυναῖκας
804 1727 994 1811 ἀνθρώπων
1012 1731 1206 1814 φευγόντων

199 1835 260 1916 τήν
287 1831 510 1917 ἐλευθερίαν’,
536 1834 733 1917 παρεκάλεσε
760 1832 883 1910 πάντας
906 1833 1003 1911 ἀξίως
1025 1834 1127 1898 αὑτοῦ
1150 1833 1206 1898 καί

166 1957 181 2005 8
200 1951 267 2003 τῶν
289 1937 527 2022 πεπραγμένων
549 1945 711 2004 τελευτᾶν.
758 1937 812 2002 καὶ
834 1949 962 2022 πρῶτος
984 1935 1044 2022 μὲν
1061 1937 1207 2016 Ἱππίτας

201 2045 265 2109 ὑπὸ
292 2056 358 2108 τῶν
380 2043 550 2126 νεωτέρων
574 2045 662 2120 τινὸς
686 2043 809 2127 ἐπλήγη
834 2045 980 2127 δεηθείς,
1008 2048 1117 2109 ἔπειτα
1139 2057 1202 2110 τῶν

201 2153 311 2215 ἀλλων
335 2149 468 2227 ἕκαστος
490 2150 633 2226 εὐκόλως
655 2147 709 2213 καὶ
734 2149 837 2225 ἀδεῶς
860 2148 977 2215 ἑαυτὸν
995 2149 1206 2236 ἀποσφάττει,

201 2258 287 2340 πλήν
302 2255 457 2332 Παντέως
478 2267 538 2322 τοῦ
560 2257 693 2339 πρώτον
707 2256 868 2338 Μεγάλην
890 2259 989 2321 πόλιν
1007 2259 1206 2340 καταλαβόν-

201 2385 263 2439 τος.
308 2372 427 2427 τοῦτον
455 2357 492 2426 δὲ
519 2361 694 2426 κάλλιστον
718 2363 787 2448 ὥρα
809 2359 863 2426 καὶ
887 2365 968 2446 πρὸς
990 2364 1051 2445 τὴν
1074 2362 1207 2446 ἀγωγήν

202 2467 425 2551 εὐφυέστατον
447 2478 512 2532 τῶν
536 2465 622 2531 νέων
645 2470 825 2550 γενόμενον
844 2467 1010 2552 ἐρώμενον
1028 2467 1170 2551 ἐσχηκὼς
1189 2467 1207 2532 ὁ

202 2575 356 2658 βασιλεὺς
389 2570 575 2655 ἐκέλευσεν,
608 2571 687 2636 όταν
715 2571 816 2637 αὐτόν
843 2594 877 2636 τε
904 2570 958 2637 καὶ
984 2575 1061 2648 τοὺς
1088 2573 1208 2648 ἀλλους

168 2699 183 2746 9
205 2681 259 2765 ίδη
273 2680 489 2760 πεπτωκότας,
509 2677 594 2742 οὕτω
608 2682 770 2741 τελευτᾶν.
803 2679 866 2760 ήδη
882 2673 919 2740 δὲ
932 2675 1092 2761 κειμένων
1106 2676 1207 2742 ἁπάν-

203 2809 270 2851 των
298 2783 571 2869 ἐπιπορευόμενος
599 2783 617 2848 ὁ
640 2786 791 2859 Παντεὺς
817 2781 872 2848 καὶ
898 2792 943 2870 τῷ
972 2781 1103 2872 ξιφιδίῳ
1127 2805 1208 2867 παρ-
1320 2819 1321 2822 ¹

204 2895 384 2975 απτόμενος
398 2886 473 2953 καθ’
493 2889 629 2955 ἕκαστον
644 2889 850 2972 ἀπεπειρᾶτο,
869 2890 913 2972 μή
928 2913 976 2964 τις
990 2889 1208 2954 διαλανθάνοι

205 3002 276 3077 ζῶν.
310 2995 378 3061 ἐπεί
402 2991 439 3059 δὲ
461 2993 515 3061 καλ
538 2997 596 3060 τὸν
611 2993 780 3078 Κλεομένη
799 2994 899 3071 νύξας
917 2994 1004 3077 παρά
1022 2996 1059 3059 τὸ
1079 2996 1209 3080 σφυρὸν

204 3101 271 3169 εἶδε
295 3099 521 3185 συστρέψαντα
544 3103 580 3166 τὸ
599 3095 797 3186 πρόσωπον,
822 3099 977 3185 ἐφίλησεν
1001 3099 1117 3183 αὐτόν,
1140 3096 1209 3165 εἶτα

204 3209 419 3292 παρεκάθισε·
441 3209 496 3272 καί
519 3207 610 3284 τέλος
632 3210 763 3290 ἔχοντος
785 3206 847 3288 ήδη
871 3205 1058 3289 περιβαλὼν
1080 3207 1139 3270 τὸν
1157 3229 1210 3270 νε-
1320 3225 1321 3280 ἦ

205 3318 287 3400 κρὸν
309 3311 428 3380 ἑαυτὸν
451 3312 689 3396 ἐπικατέσφαξε.

155 3438 187 3487 10
272 3419 459 3504 Κλεομένης
487 3415 547 3502 μέν
574 3414 636 3483 οὖν
665 3416 835 3483 ἑκκαίδεκα
862 3426 919 3499 τῆς
941 3417 1096 3500 Σπάρτης
1118 3421 1210 3500 βασι·
1288 3423 1291 3432 “

206 3528 324 3602 λεύσας
355 3528 408 3609 ἔτη
441 3523 495 3589 καὶ
527 3535 676 3600 τοιοῦτος
708 3522 792 3607 ἀνήρ
820 3526 997 3607 γενόμενος
1023 3523 1109 3587 οὕτω
1136 3546 1210 3587 κατ.-
