2668 4002
190 229 231 293 14
566 233 615 283 111.
634 229 818 290 Ξτυοοειιι.

188 390 341 476 ρέστερον
366 388 402 456 δὲ
424 395 507 478 πρὸς
528 401 594 456 πᾶν
618 395 705 478 ἐχειν
727 396 858 476 βρῶμα,
885 390 939 457 καὶ
962 389 1192 476 ύγιειυοτέρως

188 495 217 562 δ’
246 496 287 562 ἀν
315 497 458 580 διάγειν,
488 497 541 562 καὶ
569 499 616 575 είς
638 507 739 582 μῆκος
762 497 804 562 ἀν
826 497 1028 576 αὐξάνεσθαι
1050 499 1111 581 τὴν
1134 497 1192 582 ῥα-

188 605 264 668 δινά
300 605 339 668 τά
376 605 508 689 σώματα
539 615 701 670 ποιοῦσαν
732 605 859 689 τροφὴν
891 609 1017 688 μᾶλλον
1049 608 1192 686 συλλαμ-

153 710 302 793 6βάνειν
329 709 474 793 ἡγήσατο
501 710 522 794 ἢ
550 711 610 793 τὴν
635 711 923 775 διαπλατύνουσαν
946 719 991 798 τςδ
1015 714 1103 795 σίτῳ.
1148 709 1192 784 ὡς

187 811 224 879 δέ
248 816 291 899 μὴ
315 816 379 881 ὑπὸ
404 821 501 900 λιμοῦ
524 817 609 898 ἀγαν
632 811 675 880 αὐ
698 814 871 900 πιέζοιντο,
894 815 1111 899 ἀπραγμόνως
1131 810 1192 898 μὲν

188 921 300 998 αὐτοῖς
323 921 383 986 οὐκ
407 923 508 986 ἐδωκε
532 924 713 1006 λαμβάνειν
737 916 784 986 ὧν
802 921 844 987 ἀν
861 921 1097 1007 προσδέωνται,
1120 919 1192 984 κλέ-

186 1048 279 1091 πτειν
303 1024 331 1091 δ’
356 1027 476 1111 ἐφῆκεν
499 1030 588 1092 ἔστιν
612 1027 632 1093 ἀ
655 1037 700 1115 τῷ
727 1033 809 1116 λιμῷ
834 1027 1098 1111 ἐπικουροῦντας.
1137 1024 1192 1091 καὶ

188 1133 232 1208 ὡς
254 1129 315 1216 μέν
338 1134 398 1199 οὐκ
421 1133 566 1218 ἀπορῶν,
589 1133 607 1198 ὅ
630 1157 661 1198 τι
685 1136 771 1217 δοίη,
795 1132 915 1218 ἐφῆκεν
938 1134 1050 1209 αὐτοῖς
1071 1134 1108 1198 τὸ
1132 1155 1191 1216 μη-

188 1244 352 1323 χανᾶσθαι
384 1241 445 1322 τὴν
476 1241 619 1324 τροφήν,
651 1238 772 1304 οὐδένα
800 1235 890 1322 οἶμαι
916 1248 1013 1306 τοῦτο
1041 1237 1191 1321 ἀγνοεῖν·

189 1347 291 1428 δῆλον
328 1343 357 1409 δ’
390 1344 440 1409 ὅτι
475 1347 533 1411 τὸν
570 1343 731 1428 μέλλοντα
766 1346 948 1409 κλωπεύειν
984 1341 1039 1408 καλ
1074 1346 1193 1419 νυκτὸς

189 1451 369 1535 ἀγρυπνεῖν
391 1452 445 1515 δεῖ
465 1453 520 1515 καὶ
539 1448 613 1534 μεθ’
632 1451 758 1535 ἡμέραν
776 1450 902 1514 ἀπατᾶν
921 1447 975 1514 καὶ
994 1449 1192 1534 ἐνεδρεύειν,

188 1555 242 1621 καὶ
264 1560 490 1633 κατασκόπους
513 1553 549 1620 δὲ
573 1554 753 1640 ἑτοιμάζειν
775 1559 834 1622 τὸν
857 1555 1017 1639 μέλλοντά
1038 1579 1070 1621 τι
1094 1558 1192 1639 λήψε-

154 1670 275 1727 ισθαι.
313 1671 413 1727 ταῦτα
436 1657 498 1727 οὐν
522 1663 562 1745 δὴ
585 1662 691 1737 πάντα
715 1665 817 1746 δῆλον
840 1662 889 1727 ὅτι
908 1661 1191 1747 μηχανικωτέρονς

188 1781 254 1833 τῶν
286 1768 478 1852 ἐπιτηδείων
510 1770 713 1852 βουλόμενος
744 1771 821 1844 τούς
852 1769 970 1844 παῖδας
1000 1780 1108 1832 ποιεῖν
1138 1767 1192 1833 καὶ

187 1873 467 1959 πολεμικωτέρους
496 1873 600 1950 οὕτως
631 1873 832 1939 ἐπαίδευσεν.
883 1881 969 1939 είποι
999 1871 1029 1939 δ’
1059 1873 1101 1939 ἀν
1130 1870 1192 1940 οὐν

187 2006 247 2062 τις,
269 1984 304 2046 τί
319 1983 412 2065 δῆτα,
435 1986 525 2064 είπερ
543 1981 579 2045 τὸ
598 1979 748 2045 κλέπτειν
767 1979 896 2062 ἀγαθὸν
915 1979 1052 2064 ἐνόμιζε,
1070 1982 1193 2057 πολλὰς

187 2088 313 2171 πληγάς
339 2084 474 2170 ἐπέβαλε
502 2095 546 2173 τῷ
576 2085 794 2174 ἀλισκομένφ;
828 2087 893 2167 ὅτι,
920 2085 1004 2170 φημὶ
1032 2085 1111 2170 ἐγώ,
1138 2085 1192 2151 καὶ

188 2195 290 2259 τάλλα
326 2192 388 2257 ὅσα
419 2193 594 2276 ἀνθρωποι
628 2192 822 2256 διδάσκουσι
854 2192 1027 2270 κολάζουσι
1059 2196 1117 2257 τὸν
1148 2195 1192 2278 μη

188 2305 294 2374 καλῶς
320 2299 555 2383 ὑπηρετοῦντα.
602 2296 747 2362 κάκεῖνοι
775 2293 837 2363 οὐν
860 2301 937 2374 τούς
960 2297 1193 2383 ἁλισκομένους

154 2421 170 2469 8
189 2407 234 2483 ὡς
259 2416 365 2480 κακῶς
386 2402 585 2479 κλέπτοντας
607 2413 833 2488 τιμωροῦνται,
879 2402 932 2469 καὶ
956 2405 1000 2480 ὡς
1022 2408 1193 2482 πλείστους

190 2512 230 2594 δὴ
258 2509 401 2595 ἁρπάσαι
428 2513 548 2592 τυροὺς
574 2507 650 2594 παρ’
674 2507 809 2594 Ὀρθίας
837 2513 939 2575 καλὸν
966 2514 1054 2594 θείς,
1082 2528 1194 2594 μαστι-

189 2627 273 2701 γοῦν
293 2617 430 2692 τούτους
448 2616 560 2691 ἀλλοις
579 2614 722 2698 ἐπέταξε,
744 2626 841 2681 τοῦτο
862 2616 902 2698 δὴ
922 2617 1067 2700 δηλῶσαι
1085 2615 1139 2682 καὶ
1158 2616 1194 2682 έν

188 2724 294 2811 τούτῳ
317 2724 519 2805 βουλόμενος
542 2722 593 2787 ότι
617 2725 706 2787 ἔστιν
729 2722 843 2805 ὀλίγον
867 2725 989 2806 χρόνον
1007 2721 1195 2806 ἀλγήσαντα

189 2832 295 2895 πολὺν
325 2830 446 2912 χρόνον
474 2827 714 2910 εὐδοκιμοῦντα
742 2827 992 2911 εὐφραίνεσθαι.
1039 2829 1194 2910 δηλοῦται

190 2932 227 3001 δὲ
259 2934 295 2999 ἐν
326 2934 448 3022 τούτῳ,
481 2933 532 2999 ὅτι
561 2930 615 2998 καὶ
643 2933 726 2999 ὅπου
754 2933 873 3018 τάχους
900 2934 953 2997 δεῖ
978 2932 996 2998 ὁ
1023 2936 1194 3017 βλακεύων

191 3040 343 3126 ἐλάχιστα
372 3035 432 3122 μέν
464 3038 651 3123 ὠφελεῖται,
681 3044 816 3105 πλεῖστα
846 3035 883 3103 δὲ
912 3039 1085 3123 πράγματα
1115 3045 1194 3125 λαμ-

156 3148 294 3233 οβάνει.
331 3145 418 3223 ὅπως
441 3142 478 3210 δὲ
501 3141 575 3230 μηδ’
598 3148 629 3210 εί
647 3146 664 3211 ὁ
683 3146 887 3228 παιδονόμος
905 3143 1057 3225 ἀπέλθοι,
1081 3147 1198 3231 ἕρημοί

190 3275 268 3319 ποτε
292 3253 326 3317 οί
342 3253 455 3329 παῖδες
473 3248 540 3317 εἶεν
559 3254 729 3336 ἄρχοντος,
753 3250 884 3332 ἐποίησε
903 3251 962 3315 τὸν
980 3249 1031 3315 ἀεὶ
1050 3255 1195 3336 παρόντα

190 3369 257 3424 τῶν
284 3363 428 3423 πολιτῶν
450 3359 567 3443 κύριον
590 3353 675 3422 εἶναι
698 3355 753 3422 καὶ
776 3355 957 3421 ἐπιτάττειν
980 3369 1049 3433 τοῖς
1071 3360 1196 3439 παισίν,

191 3464 209 3528 ό
233 3487 264 3529 τι
287 3463 417 3547 ἀγαθὸν
441 3466 554 3546 δοκοίη
578 3459 675 3546 εἶναι,
697 3461 751 3528 καὶ
774 3463 934 3544 κολάζειν,
957 3468 991 3527 εί
1005 3485 1035 3527 τι
1054 3461 1195 3545 ἁμαρτά-

191 3592 291 3634 νοιεν.
323 3579 421 3633 τοῦτο
445 3565 481 3631 δέ
504 3573 641 3652 ποιήσας
660 3567 811 3653 διέπραξε
830 3567 884 3633 καλ
903 3566 1197 3653 αίδημονεστέρους
