2668 4002
176 172 218 232 22
565 176 596 228 V.
617 176 799 232 ΞΕΝΟΦΩΝ.

176 329 206 396 δ’
228 331 291 415 ἐγώ
314 356 348 399 τε
370 327 453 417 ὑπὲρ
477 332 557 417 ἐμοῦ
580 331 634 399 καὶ
658 335 693 398 οί
714 332 766 399 σοὶ
789 345 898 416 γονεῖς
920 329 1003 419 ὑπὲρ
1022 343 1095 415 σοῦ,
1113 332 1180 398 τίν’

176 437 218 503 άν
240 441 403 504 κοινωνὸν
426 438 596 523 βέλτιστον
620 446 712 505 οίκου
737 463 770 504 τε
794 438 847 504 καὶ
870 437 994 504 τέκνων
1014 440 1187 523 λάβοιμεν,

177 543 240 627 ἐγώ
265 569 299 610 τε
323 540 359 610 σὲ
382 543 575 629 ἐξελεξάμην
598 544 652 610 καὶ
675 547 711 612 οί
731 543 784 612 σοὶ
807 557 931 628 γονεῖς,
959 546 1003 622 ὡς
1026 545 1186 626 ἐοίκασιν,

127 666 157 714 1ο
177 649 212 714 ἐκ
242 662 308 715 τῶν
337 652 490 717 δυνατῶν
520 650 582 734 ἐμέ.
628 650 726 717 τέκνα
753 648 814 736 μὲν
842 647 904 716 οὖν
931 651 973 734 ἢν
1000 653 1079 726 θεός
1105 672 1183 715 ποτε

176 758 259 844 διδῷ
288 757 367 840 ἡμῖν
395 755 567 840 γενέσθαι,
594 761 665 822 τότε
690 761 942 842 βουλευσόμεθα
964 756 1184 841 περὶαύτῶν,

176 862 264 938 ὅπως
287 862 336 927 ὅτι
360 862 510 946 βέλτιστα
529 865 750 947 παιδεύσομεν
769 863 865 928 αὐτά·
889 867 1003 929 κοινὸν
1022 864 1084 948 γάρ
1103 863 1183 946 ἡμῖν

176 966 249 1050 καὶ,
267 978 363 1033 τοῦτο
400 968 548 1052 ἀγαθόν,
585 970 766 1054 συμμάχων
799 967 853 1034 καλ
886 973 1100 1053 γηροβοσκῶν
1133 967 1183 1032 ὅτι

176 1076 354 1156 βελτίστων
371 1075 560 1160 τυγχάνειν·
579 1086 642 1140 νῦν
661 1071 698 1139 δὲ
719 1077 759 1158 δὴ
774 1076 791 1141 ὁ
807 1071 895 1152 οἶκος
909 1075 988 1159 ημῖν
1003 1076 1058 1140 ὅδε
1073 1076 1184 1150 κοινός

177 1178 273 1243 ἐστιν.
311 1178 374 1262 ἐγώ
398 1203 432 1244 τε
455 1181 517 1263 γάρ
541 1180 603 1245 ὅσα
622 1205 677 1264 μοι
696 1184 785 1245 ἔστιν
804 1183 930 1245 ἅπαντα
949 1183 995 1256 είς
1012 1183 1049 1245 τὸ
1068 1181 1183 1260 κοινὸν

177 1283 367 1368 ἀποφαίνω,
400 1287 441 1350 σύ
472 1309 507 1350 τε
541 1286 601 1350 ὅσα
633 1284 760 1369 ηνέγκω
790 1287 896 1351 πάντα
926 1288 972 1362 είς
1002 1289 1038 1351 τὸ
1068 1287 1183 1351 κοινὸν

127 1406 156 1454 11
176 1388 366 1474 κατέθηκας.
403 1389 457 1455 καὶ
481 1391 521 1456 οὐ
544 1401 640 1457 τοῦτο
664 1393 718 1456 δεῖ
738 1395 938 1474 λογίζεσθαι,
960 1395 1096 1474 πότερος
1118 1392 1183 1473 άρα

176 1495 308 1584 ἀριθμῷ
337 1500 438 1561 πλείω
466 1495 687 1580 συμβέβληται
713 1497 822 1581 ἡμῶν,
850 1492 921 1562 ἀλλ’
948 1497 1053 1562 ἐκεῖνο
1077 1492 1114 1562 εὖ
1137 1499 1182 1562 εί-

177 1601 286 1685 δέναι,
315 1601 383 1684 ὅτι,
412 1602 568 1685 ὁπότερος
588 1601 639 1666 ’ἂν
669 1602 762 1686 ἡμῶν
792 1607 931 1687 βελτίων
960 1606 1119 1679 κοινωνὸς
1148 1596 1182 1688 ᾗ,

176 1703 272 1784 οὗτος
295 1709 334 1772 τά
357 1711 508 1784 πλείονος
530 1709 604 1785 άξια
628 1708 881 1793 συμβάλλεται.”
926 1707 1120 1793 ἀπεκρίνατο
1145 1709 1185 1774 δέ

176 1838 243 1897 μοι,
267 1809 291 1878 ὦ
316 1815 500 1898 Σώκρατες,
523 1816 604 1897 πρὸς
627 1824 728 1878 ταῦτα
751 1814 771 1897 η
791 1817 889 1898 γυνη·
923 1813 992 1878 “Tc
1007 1811 1037 1877 δ’
1057 1814 1099 1878 άν
1117 1812 1180 1895 ἐγώ

176 1918 266 2002 σοι”,
289 1923 364 2004 ἔφη,
387 1919 576 2002 ’δυναίμην
600 1919 799 2004 συμπράξαι;
823 1924 872 1996 τίς
894 1916 931 1984 δὲ
953 1919 972 2002 ἡ
997 1919 1057 2003 ἐμὴ
1081 1920 1181 1983 δύνα-

175 2051 243 2110 μις;
267 2023 339 2091 ἀλλ’
360 2025 396 2090 έν
420 2023 473 2090 σοὶ
495 2025 601 2089 πάντα
625 2024 726 2089 ἐστίν·
751 2024 830 2108 ἐμὸν
850 2023 878 2089 δ’
899 2029 1019 2110 ἔφησεν
1037 2025 1057 2108 ἡ
1076 2027 1179 2110 μήτηρ

128 2149 159 2196 12
177 2135 275 2217 ἔργον
304 2127 388 2196 εἶναι
416 2129 637 2215 σωφρονεῖν.”
683 2129 775 2194 “Ναὶ
803 2132 847 2214 μά
870 2128 967 2213 Λί”’,
995 2133 1078 2215 ἔφην
1106 2131 1181 2213 ἐγώ,

176 2233 226 2302 “ὦ
250 2239 360 2320 γύναι,
382 2235 436 2301 καὶ
460 2238 522 2320 γάρ
546 2235 618 2320 ἐμοὶ
642 2237 792 2319 δπατηρ.
826 2236 908 2302 άλλά
928 2239 1111 2321 σωφρόνων
1130 2242 1184 2303 τοί

177 2343 244 2409 ἐστι
267 2342 322 2408 καὶ
346 2341 467 2427 άνδρὸς
490 2341 544 2407 καὶ
563 2345 719 2425 γυναικὸς
738 2343 823 2408 οὕτω
842 2355 960 2422 ποιεῖν,
984 2343 1072 2419 ὅπως
1090 2345 1127 2408 τά
1146 2367 1178 2408 τε

176 2451 255 2514 ’όντα
285 2450 329 2525 ὡς
357 2447 508 2532 βέλτιστα
535 2448 599 2526 ἕξει
626 2447 681 2513 καὶ
710 2451 792 2513 άλλα
820 2449 869 2513 ὅτι
897 2454 1030 2514 πλεῖστα
1058 2448 1094 2514 ἐκ
1122 2459 1179 2514 τοῦ

174 2560 278 2622 καλοῦ
306 2578 339 2619 τε
367 2553 421 2619 καὶ
448 2557 577 2620 δικαίου
600 2554 890 2638 προσγενήσεται.”
937 2552 1027 2620 “Kal
1049 2559 1083 2619 τί
1103 2554 1180 2636 δη”,

175 2664 249 2744 έφη,
268 2659 407 2747 “ὁρᾷς”,
426 2660 445 2743 ἡ
464 2663 561 2744 γυνη,
581 2659 623 2723 “ὅ
638 2685 668 2723 τι
688 2659 729 2724 άν
749 2661 811 2742 ἐγὼ
830 2670 971 2725 ποιοῦσα
986 2660 1180 2745 συναύξοιμι

175 2769 233 2831 τὸν
256 2762 387 2843 οἶκον;”
425 2764 517 2830 “Ναὶ
536 2767 580 2850 μά
601 2763 697 2847 Δί’”,
721 2768 803 2850 ἔφην
827 2765 903 2849 ἐγώ,
926 2765 971 2830 “ά
993 2789 1026 2831 τε
1050 2767 1085 2831 oc
1105 2765 1179 2832 θεολ

175 2872 302 2956 ἔφυσάν
329 2889 366 2936 σε
395 2873 561 2937 δύνασθαι
589 2869 643 2936 καὶ
672 2872 689 2937 ὁ
718 2873 819 2955 νόμος
848 2884 1052 2954 συνεπαινεῖ,
1079 2883 1179 2938 ταῦτα

124 2994 156 3041 13
176 2988 278 3061 πειρῶ
303 2976 346 3052 ὡς
363 2976 514 3060 βέλτιστα
532 2975 675 3043 ποιεῖν.”
714 2975 803 3042 “Kal
822 2981 856 3042 τί
872 2978 914 3060 δὴ
932 2978 1033 3043 ταῦτά
1053 2977 1178 3056 ἐστιυ;”

176 3085 238 3166 ἔφη
266 3080 381 3164 ἐκείνη.
429 3079 553 3166 “οἶμαι
581 3080 641 3168 μὲν
665 3083 803 3167 ἔγωγε”,
831 3087 929 3168 ἔφην,
958 3083 1022 3149 “οὐ
1045 3084 1084 3148 τὰ
1108 3083 1179 3150 ἐλα-

173 3192 287 3273 χίστου
310 3187 395 3270 άξια,
419 3191 449 3252 εί
471 3189 515 3272 μή
538 3188 598 3274 πέρ
623 3213 659 3271 γε
682 3187 736 3253 καὶ
754 3188 774 3271 ἡ
795 3187 832 3253 ἐν
850 3198 895 3275 τῷ
914 3191 1030 3272 σμήνει
1048 3190 1179 3273 ἡγεμὼν

174 3291 304 3378 μέλιττα
334 3290 384 3357 ἐπ’
410 3292 582 3377 ἐλαχίστου
611 3292 713 3370 ἀξίοις
741 3297 848 3376 ἔργοις
877 3293 1061 3378 ἐφέστηκεν.
1108 3294 1179 3378 ἐμοὶ

174 3399 236 3483 γάρ
258 3399 345 3482 τοι”,
369 3401 430 3482 ἔφη
454 3400 573 3484 φάναι,
597 3398 674 3463 ’καὶ
698 3400 733 3464 οί
751 3403 838 3482 θεοί,
862 3395 887 3462 ὦ
911 3401 1021 3484 γύναι,
1044 3401 1179 3466 δοκοῦσι

173 3508 258 3572 πολὺ
291 3505 530 3590 διεσκεμμένως
561 3505 700 3589 μάλιστα
731 3508 768 3571 τὸ
799 3509 909 3588 ζεῦγος
939 3515 1035 3571 τοῦτο
1066 3523 1178 3572 σνντε-
