<?xml version="1.0" encoding="UTF-8"?>
<!DOCTYPE html PUBLIC "-//W3C//DTD XHTML 1.0 Transitional//EN"
    "http://www.w3.org/TR/xhtml1/DTD/xhtml1-transitional.dtd">
<html xmlns="http://www.w3.org/1999/xhtml" xml:lang="en" lang="en">
 <head>
  <title>
</title>
<meta http-equiv="Content-Type" content="text/html;charset=utf-8" />
  <meta name='ocr-system' content='tesseract 3.04.00' />
  <meta name='ocr-capabilities' content='ocr_page ocr_carea ocr_par ocr_line ocrx_word'/>
</head>
<body>
  <div class='ocr_page' id='page_1' title='image "./florilegiumgrae02petegoog_0065.png"; bbox 0 0 2668 4002; ppageno 0'>
   <div class='ocr_carea' id='block_1_1' title="bbox 181 196 868 269">
    <p class='ocr_par' dir='ltr' id='par_1_1' title="bbox 181 196 868 269">
     <span class='ocr_line' id='line_1_1' title="bbox 181 196 868 269; baseline 0 -20"><span class='ocrx_word' id='word_1_1' title='bbox 181 196 226 260; x_wconf 90' lang='lat'><strong><em>60</em></strong></span> <span class='ocrx_word' id='word_1_2' title='bbox 489 200 562 254; x_wconf 86' lang='lat' dir='ltr'>x1v.</span> <span class='ocrx_word' id='word_1_3' title='bbox 579 198 868 269; x_wconf 71' lang='grc' dir='ltr'><strong><em>[Δενοεοενεεη</em></strong></span> 
     </span>
    </p>
   </div>
   <div class='ocr_carea' id='block_1_2' title="bbox 147 356 1199 870">
    <p class='ocr_par' dir='ltr' id='par_1_2' title="bbox 147 356 1199 870">
     <span class='ocr_line' id='line_1_2' title="bbox 181 356 1193 442; baseline 0.001 -21"><span class='ocrx_word' id='word_1_4' title='bbox 181 367 248 421; x_wconf 84' lang='grc' dir='ltr'><strong><em>τῶν</em></strong></span> <span class='ocrx_word' id='word_1_5' title='bbox 275 356 429 442; x_wconf 75' lang='grc' dir='ltr'><em>ἀδελφῶν</em></span> <span class='ocrx_word' id='word_1_6' title='bbox 457 368 523 422; x_wconf 81' lang='grc' dir='ltr'><strong><em>τῶν</em></strong></span> <span class='ocrx_word' id='word_1_7' title='bbox 551 357 669 440; x_wconf 86' lang='grc' dir='ltr'><strong><em>αὑτοῦ,</em></strong></span> <span class='ocrx_word' id='word_1_8' title='bbox 698 357 850 423; x_wconf 75' lang='grc' dir='ltr'><em>ἐδάνεισα</em></span> <span class='ocrx_word' id='word_1_9' title='bbox 877 359 956 442; x_wconf 78' lang='grc' dir='ltr'><strong><em>μετὰ</em></strong></span> <span class='ocrx_word' id='word_1_10' title='bbox 979 356 1075 437; x_wconf 80' lang='grc' dir='ltr'><strong><em>ξένου</em></strong></span> <span class='ocrx_word' id='word_1_11' title='bbox 1097 359 1193 434; x_wconf 89' lang='grc' dir='ltr'><strong><em>τινὸς</em></strong></span> 
     </span>
     <span class='ocr_line' id='line_1_3' title="bbox 147 461 1191 550; baseline 0.002 -24"><span class='ocrx_word' id='word_1_12' title='bbox 147 461 341 550; x_wconf 73' lang='grc' dir='ltr'><strong><em>δήμετέρου</em></strong></span> <span class='ocrx_word' id='word_1_13' title='bbox 364 465 554 549; x_wconf 77' lang='grc' dir='ltr'><strong><em>Καρυστίου</em></strong></span> <span class='ocrx_word' id='word_1_14' title='bbox 581 465 756 546; x_wconf 90' lang='grc' dir='ltr'><strong><em>τριάκοντα</em></strong></span> <span class='ocrx_word' id='word_1_15' title='bbox 783 473 866 548; x_wconf 83' lang='grc' dir='ltr'><strong><em>μνᾶς</em></strong></span> <span class='ocrx_word' id='word_1_16' title='bbox 892 464 1063 549; x_wconf 89' lang='grc' dir='ltr'><strong><em>ἀργυρίου.</em></strong></span> <span class='ocrx_word' id='word_1_17' title='bbox 1109 465 1191 547; x_wconf 83' lang='grc' dir='ltr'><strong><em>βού-</em></strong></span> 
     </span>
     <span class='ocr_line' id='line_1_4' title="bbox 183 564 1190 656; baseline 0.001 -23"><span class='ocrx_word' id='word_1_18' title='bbox 183 573 280 652; x_wconf 88' lang='grc' dir='ltr'><strong><em>λομαι</em></strong></span> <span class='ocrx_word' id='word_1_19' title='bbox 299 564 373 653; x_wconf 83' lang='grc' dir='ltr'><strong><em>οὖν,</em></strong></span> <span class='ocrx_word' id='word_1_20' title='bbox 397 565 422 634; x_wconf 80' lang='grc' dir='ltr'>ὦ</span> <span class='ocrx_word' id='word_1_21' title='bbox 442 571 561 656; x_wconf 85' lang='grc' dir='ltr'><strong><em>ἀνδρες</em></strong></span> <span class='ocrx_word' id='word_1_22' title='bbox 580 571 741 653; x_wconf 89' lang='grc' dir='ltr'><strong><em>δικασταί,</em></strong></span> <span class='ocrx_word' id='word_1_23' title='bbox 764 579 820 653; x_wconf 80' lang='grc' dir='ltr'><strong><em>τῆς</em></strong></span> <span class='ocrx_word' id='word_1_24' title='bbox 838 581 1031 654; x_wconf 79' lang='grc' dir='ltr'><strong><em>συγγραφῆς</em></strong></span> <span class='ocrx_word' id='word_1_25' title='bbox 1049 570 1190 636; x_wconf 85' lang='grc' dir='ltr'><strong><em>ἀκοῦσαι</em></strong></span> 
     </span>
     <span class='ocr_line' id='line_1_5' title="bbox 181 673 1199 762; baseline 0.005 -23"><span class='ocrx_word' id='word_1_26' title='bbox 181 674 266 758; x_wconf 87' lang='grc' dir='ltr'><strong><em>ὑμᾶς</em></strong></span> <span class='ocrx_word' id='word_1_27' title='bbox 292 688 439 760; x_wconf 84' lang='grc' dir='ltr'><strong><em>πρῶτον,</em></strong></span> <span class='ocrx_word' id='word_1_28' title='bbox 466 673 543 740; x_wconf 90' lang='grc' dir='ltr'><strong><em>καθ’</em></strong></span> <span class='ocrx_word' id='word_1_29' title='bbox 570 675 613 759; x_wconf 81' lang='grc' dir='ltr'><strong><em>ήν</em></strong></span> <span class='ocrx_word' id='word_1_30' title='bbox 642 675 855 760; x_wconf 77' lang='grc' dir='ltr'><strong><em>ἐδανείσαμεν</em></strong></span> <span class='ocrx_word' id='word_1_31' title='bbox 882 677 921 741; x_wconf 82' lang='grc' dir='ltr'><strong><em>τὰ</em></strong></span> <span class='ocrx_word' id='word_1_32' title='bbox 944 679 1105 762; x_wconf 90' lang='grc' dir='ltr'><strong><em>χρήματα,</em></strong></span> <span class='ocrx_word' id='word_1_33' title='bbox 1132 675 1199 744; x_wconf 74' lang='grc' dir='ltr'><strong><em>καὶ,</em></strong></span> 
     </span>
     <span class='ocr_line' id='line_1_6' title="bbox 181 781 1125 870; baseline 0.001 -25"><span class='ocrx_word' id='word_1_34' title='bbox 181 791 248 845; x_wconf 82' lang='grc' dir='ltr'><strong><em>τῶν</em></strong></span> <span class='ocrx_word' id='word_1_35' title='bbox 270 782 447 866; x_wconf 84' lang='grc' dir='ltr'><strong><em>μαρτύρων</em></strong></span> <span class='ocrx_word' id='word_1_36' title='bbox 470 792 536 846; x_wconf 84' lang='grc' dir='ltr'><strong><em>τῶν</em></strong></span> <span class='ocrx_word' id='word_1_37' title='bbox 558 781 835 866; x_wconf 85' lang='grc' dir='ltr'><strong><em>παραγενομένων</em></strong></span> <span class='ocrx_word' id='word_1_38' title='bbox 858 791 903 870; x_wconf 75' lang='grc' dir='ltr'><strong><em>τῷ</em></strong></span> <span class='ocrx_word' id='word_1_39' title='bbox 927 784 1125 867; x_wconf 90' lang='grc' dir='ltr'><strong><em>δανείσματι.</em></strong></span> 
     </span>
    </p>
   </div>
   <div class='ocr_carea' id='block_1_3' title="bbox 422 947 952 1015">
    <p class='ocr_par' dir='ltr' id='par_1_3' title="bbox 422 947 952 1015">
     <span class='ocr_line' id='line_1_7' title="bbox 422 947 952 1015; baseline 0.002 -2"><span class='ocrx_word' id='word_1_40' title='bbox 422 947 667 1014; x_wconf 83' lang='grc' dir='ltr'><strong>ΣΤΓΓΡΑΦΗ.</strong></span> <span class='ocrx_word' id='word_1_41' title='bbox 698 948 952 1015; x_wconf 80' lang='grc' dir='ltr'><strong>ΜΑΡΤΤΡΙΑΙ.</strong></span> 
     </span>
    </p>
   </div>
   <div class='ocr_carea' id='block_1_4' title="bbox 57 1095 1203 3624">
    <p class='ocr_par' dir='ltr' id='par_1_4' title="bbox 146 1095 1193 1821">
     <span class='ocr_line' id='line_1_8' title="bbox 146 1095 1189 1186; baseline 0.002 -24"><span class='ocrx_word' id='word_1_42' title='bbox 146 1115 162 1162; x_wconf 83' lang='grc'>9</span> <span class='ocrx_word' id='word_1_43' title='bbox 248 1099 342 1164; x_wconf 81' lang='grc' dir='ltr'><strong><em>Κατὰ</em></strong></span> <span class='ocrx_word' id='word_1_44' title='bbox 368 1101 429 1184; x_wconf 85' lang='grc' dir='ltr'><strong><em>τήν</em></strong></span> <span class='ocrx_word' id='word_1_45' title='bbox 452 1101 648 1186; x_wconf 86' lang='grc' dir='ltr'><strong><em>συγγραφήν</em></strong></span> <span class='ocrx_word' id='word_1_46' title='bbox 670 1101 809 1184; x_wconf 83' lang='grc' dir='ltr'><strong><em>ταύτην,</em></strong></span> <span class='ocrx_word' id='word_1_47' title='bbox 837 1095 863 1165; x_wconf 81' lang='grc' dir='ltr'><em>ὦ</em></span> <span class='ocrx_word' id='word_1_48' title='bbox 886 1101 1004 1184; x_wconf 89' lang='grc' dir='ltr'><strong><em>ἀνδρες</em></strong></span> <span class='ocrx_word' id='word_1_49' title='bbox 1026 1102 1189 1182; x_wconf 88' lang='grc' dir='ltr'><strong><em>δικασταί,</em></strong></span> 
     </span>
     <span class='ocr_line' id='line_1_9' title="bbox 182 1202 1189 1294; baseline 0.002 -25"><span class='ocrx_word' id='word_1_50' title='bbox 182 1203 334 1270; x_wconf 79' lang='grc' dir='ltr'><strong><em>ἐδάνεισα</em></strong></span> <span class='ocrx_word' id='word_1_51' title='bbox 366 1207 406 1271; x_wconf 84' lang='grc' dir='ltr'><strong><em>τὰ</em></strong></span> <span class='ocrx_word' id='word_1_52' title='bbox 438 1202 575 1291; x_wconf 91' lang='grc' dir='ltr'><strong><em>χρήματ’</em></strong></span> <span class='ocrx_word' id='word_1_53' title='bbox 606 1203 784 1291; x_wconf 81' lang='grc' dir='ltr'><strong><em>Ἀρτέμωνι</em></strong></span> <span class='ocrx_word' id='word_1_54' title='bbox 816 1215 861 1294; x_wconf 76' lang='grc' dir='ltr'><strong><em>τῷ</em></strong></span> <span class='ocrx_word' id='word_1_55' title='bbox 891 1209 1011 1272; x_wconf 86' lang='grc' dir='ltr'><strong><em>τούτου</em></strong></span> <span class='ocrx_word' id='word_1_56' title='bbox 1042 1205 1189 1293; x_wconf 77' lang='grc' dir='ltr'><strong><em>ἀδελφῷ,</em></strong></span> 
     </span>
     <span class='ocr_line' id='line_1_10' title="bbox 181 1309 1193 1397; baseline 0.001 -22"><span class='ocrx_word' id='word_1_57' title='bbox 181 1313 372 1388; x_wconf 88' lang='grc' dir='ltr'><strong><em>κελεύοντος</em></strong></span> <span class='ocrx_word' id='word_1_58' title='bbox 400 1314 521 1378; x_wconf 86' lang='grc' dir='ltr'><strong><em>τούτου</em></strong></span> <span class='ocrx_word' id='word_1_59' title='bbox 550 1311 604 1378; x_wconf 80' lang='grc' dir='ltr'><strong><em>καὶ</em></strong></span> <span class='ocrx_word' id='word_1_60' title='bbox 635 1312 878 1397; x_wconf 82' lang='grc' dir='ltr'><strong><em>ἀναδεχομένου</em></strong></span> <span class='ocrx_word' id='word_1_61' title='bbox 908 1309 1022 1378; x_wconf 79' lang='grc' dir='ltr'><strong><em>ἅπαντ’</em></strong></span> <span class='ocrx_word' id='word_1_62' title='bbox 1052 1315 1193 1378; x_wconf 76' lang='grc' dir='ltr'><strong><em>ἔσεσθαί</em></strong></span> 
     </span>
     <span class='ocr_line' id='line_1_11' title="bbox 182 1415 1188 1503; baseline 0.001 -22"><span class='ocrx_word' id='word_1_63' title='bbox 182 1440 237 1500; x_wconf 87' lang='grc' dir='ltr'><strong><em>μοι</em></strong></span> <span class='ocrx_word' id='word_1_64' title='bbox 260 1419 299 1482; x_wconf 83' lang='grc' dir='ltr'><strong><em>τὰ</em></strong></span> <span class='ocrx_word' id='word_1_65' title='bbox 323 1419 432 1483; x_wconf 90' lang='grc' dir='ltr'><strong><em>δίκαια</em></strong></span> <span class='ocrx_word' id='word_1_66' title='bbox 455 1420 535 1483; x_wconf 82' lang='grc' dir='ltr'><strong><em>κατὰ</em></strong></span> <span class='ocrx_word' id='word_1_67' title='bbox 558 1420 619 1502; x_wconf 87' lang='grc' dir='ltr'><strong><em>τήν</em></strong></span> <span class='ocrx_word' id='word_1_68' title='bbox 643 1420 850 1503; x_wconf 87' lang='grc' dir='ltr'><strong><em>συγγραφήν,</em></strong></span> <span class='ocrx_word' id='word_1_69' title='bbox 872 1415 948 1484; x_wconf 89' lang='grc' dir='ltr'><strong><em>καθ’</em></strong></span> <span class='ocrx_word' id='word_1_70' title='bbox 970 1418 1013 1502; x_wconf 78' lang='grc' dir='ltr'><strong><em>ἣν</em></strong></span> <span class='ocrx_word' id='word_1_71' title='bbox 1033 1418 1188 1483; x_wconf 80' lang='grc' dir='ltr'><strong><em>ἐδάνεισα</em></strong></span> 
     </span>
     <span class='ocr_line' id='line_1_12' title="bbox 182 1523 1187 1609; baseline 0.003 -24"><span class='ocrx_word' id='word_1_72' title='bbox 182 1523 302 1587; x_wconf 88' lang='grc' dir='ltr'><strong><em>τούτου</em></strong></span> <span class='ocrx_word' id='word_1_73' title='bbox 329 1523 433 1590; x_wconf 84' lang='grc' dir='ltr'><strong><em>αὐτοῦ</em></strong></span> <span class='ocrx_word' id='word_1_74' title='bbox 455 1525 640 1609; x_wconf 80' lang='grc' dir='ltr'><strong><em>γράφοντος</em></strong></span> <span class='ocrx_word' id='word_1_75' title='bbox 662 1523 716 1589; x_wconf 81' lang='grc' dir='ltr'><strong><em>καὶ</em></strong></span> <span class='ocrx_word' id='word_1_76' title='bbox 740 1523 1052 1608; x_wconf 88' lang='grc' dir='ltr'><strong><em>συσσημηναμένου,</em></strong></span> <span class='ocrx_word' id='word_1_77' title='bbox 1073 1523 1187 1607; x_wconf 85' lang='grc' dir='ltr'><strong><em>ἐπειδή</em></strong></span> 
     </span>
     <span class='ocr_line' id='line_1_13' title="bbox 183 1627 1188 1715; baseline 0.002 -23"><span class='ocrx_word' id='word_1_78' title='bbox 183 1627 317 1713; x_wconf 81' lang='grc' dir='ltr'><strong><em>ἐγράφη.</em></strong></span> <span class='ocrx_word' id='word_1_79' title='bbox 362 1631 398 1694; x_wconf 89' lang='grc' dir='ltr'><strong><em>οί</em></strong></span> <span class='ocrx_word' id='word_1_80' title='bbox 422 1627 483 1713; x_wconf 70' lang='grc' dir='ltr'><strong><em>μὲν</em></strong></span> <span class='ocrx_word' id='word_1_81' title='bbox 510 1632 572 1713; x_wconf 86' lang='grc' dir='ltr'><strong><em>γὰρ</em></strong></span> <span class='ocrx_word' id='word_1_82' title='bbox 600 1627 738 1715; x_wconf 82' lang='grc' dir='ltr'><strong><em>ἀδελφοὶ</em></strong></span> <span class='ocrx_word' id='word_1_83' title='bbox 765 1632 801 1694; x_wconf 85' lang='grc' dir='ltr'><strong><em>οί</em></strong></span> <span class='ocrx_word' id='word_1_84' title='bbox 820 1631 939 1696; x_wconf 84' lang='grc' dir='ltr'><strong><em>τούτου</em></strong></span> <span class='ocrx_word' id='word_1_85' title='bbox 962 1632 1010 1695; x_wconf 76' lang='grc' dir='ltr'><strong><em>ἔτι</em></strong></span> <span class='ocrx_word' id='word_1_86' title='bbox 1031 1632 1188 1711; x_wconf 82' lang='grc' dir='ltr'><strong><em>νεώτεροι</em></strong></span> 
     </span>
     <span class='ocr_line' id='line_1_14' title="bbox 181 1729 1187 1821; baseline 0.004 -23"><span class='ocrx_word' id='word_1_87' title='bbox 181 1729 277 1817; x_wconf 75' lang='grc' dir='ltr'><strong><em>ἦσαν,</em></strong></span> <span class='ocrx_word' id='word_1_88' title='bbox 300 1735 452 1819; x_wconf 87' lang='grc' dir='ltr'><strong><em>μειράκια</em></strong></span> <span class='ocrx_word' id='word_1_89' title='bbox 470 1737 601 1821; x_wconf 75' lang='grc' dir='ltr'><strong><em>κομιδή,</em></strong></span> <span class='ocrx_word' id='word_1_90' title='bbox 618 1734 732 1800; x_wconf 81' lang='grc' dir='ltr'><strong><em>οὑτοσὶ</em></strong></span> <span class='ocrx_word' id='word_1_91' title='bbox 752 1732 788 1800; x_wconf 68' lang='grc' dir='ltr'><strong><em>δὲ</em></strong></span> <span class='ocrx_word' id='word_1_92' title='bbox 807 1737 969 1819; x_wconf 83' lang='grc' dir='ltr'><strong><em>Λάκριτος</em></strong></span> <span class='ocrx_word' id='word_1_93' title='bbox 988 1741 1187 1821; x_wconf 78' lang='grc' dir='ltr'><strong><em>Φασηλίτης,</em></strong></span> 
     </span>
    </p>

    <p class='ocr_par' dir='ltr' id='par_1_5' title="bbox 132 1837 1203 2666">
     <span class='ocr_line' id='line_1_15' title="bbox 132 1837 1187 1927; baseline 0 -20"><span class='ocrx_word' id='word_1_94' title='bbox 132 1859 164 1907; x_wconf 85' lang='grc'><strong><em>10</em></strong></span> <span class='ocrx_word' id='word_1_95' title='bbox 184 1839 267 1925; x_wconf 84' lang='grc' dir='ltr'><strong><em>μέγα</em></strong></span> <span class='ocrx_word' id='word_1_96' title='bbox 289 1849 433 1926; x_wconf 87' lang='grc' dir='ltr'><strong><em>πρᾶγμα,</em></strong></span> <span class='ocrx_word' id='word_1_97' title='bbox 453 1838 658 1927; x_wconf 87' lang='grc' dir='ltr'><strong><em>Ἰσοκράτους</em></strong></span> <span class='ocrx_word' id='word_1_98' title='bbox 672 1843 841 1925; x_wconf 84' lang='grc' dir='ltr'><strong><em>μαθητής·</em></strong></span> <span class='ocrx_word' id='word_1_99' title='bbox 865 1837 961 1919; x_wconf 84' lang='grc' dir='ltr'><strong><em>οὗτος</em></strong></span> <span class='ocrx_word' id='word_1_100' title='bbox 982 1839 1024 1925; x_wconf 83' lang='grc' dir='ltr'><strong><em>ήν</em></strong></span> <span class='ocrx_word' id='word_1_101' title='bbox 1043 1843 1061 1909; x_wconf 89' lang='grc' dir='ltr'><strong><em>δ</em></strong></span> <span class='ocrx_word' id='word_1_102' title='bbox 1079 1843 1187 1907; x_wconf 89' lang='grc' dir='ltr'><strong><em>πάντα</em></strong></span> 
     </span>
     <span class='ocr_line' id='line_1_16' title="bbox 182 1945 1185 2034; baseline 0.003 -24"><span class='ocrx_word' id='word_1_103' title='bbox 182 1948 318 2011; x_wconf 86' lang='grc' dir='ltr'><strong><em>διοικῶν</em></strong></span> <span class='ocrx_word' id='word_1_104' title='bbox 343 1945 398 2011; x_wconf 87' lang='grc' dir='ltr'><strong><em>καὶ</em></strong></span> <span class='ocrx_word' id='word_1_105' title='bbox 426 1945 530 2034; x_wconf 73' lang='grc' dir='ltr'><strong><em>ἑαυτῷ</em></strong></span> <span class='ocrx_word' id='word_1_106' title='bbox 558 1971 598 2032; x_wconf 87' lang='grc' dir='ltr'><strong><em>με</em></strong></span> <span class='ocrx_word' id='word_1_107' title='bbox 624 1950 683 2013; x_wconf 89' lang='grc' dir='ltr'><strong><em>τὸν</em></strong></span> <span class='ocrx_word' id='word_1_108' title='bbox 710 1957 795 2012; x_wconf 84' lang='grc' dir='ltr'><strong><em>νοῦν</em></strong></span> <span class='ocrx_word' id='word_1_109' title='bbox 821 1947 994 2032; x_wconf 81' lang='grc' dir='ltr'><strong><em>προσέχειν</em></strong></span> <span class='ocrx_word' id='word_1_110' title='bbox 1022 1947 1185 2014; x_wconf 84' lang='grc' dir='ltr'><strong><em>ἐκέλευεν·</em></strong></span> 
     </span>
     <span class='ocr_line' id='line_1_17' title="bbox 182 2051 1183 2138; baseline 0.004 -22"><span class='ocrx_word' id='word_1_111' title='bbox 182 2052 280 2129; x_wconf 85' lang='grc' dir='ltr'><strong><em>αὐτὸς</em></strong></span> <span class='ocrx_word' id='word_1_112' title='bbox 302 2052 364 2135; x_wconf 84' lang='grc' dir='ltr'><strong><em>γάρ</em></strong></span> <span class='ocrx_word' id='word_1_113' title='bbox 387 2055 449 2136; x_wconf 82' lang='grc' dir='ltr'><strong><em>ἔφη</em></strong></span> <span class='ocrx_word' id='word_1_114' title='bbox 471 2055 622 2136; x_wconf 80' lang='grc' dir='ltr'><strong><em>ποιήσειν</em></strong></span> <span class='ocrx_word' id='word_1_115' title='bbox 645 2077 700 2138; x_wconf 90' lang='grc' dir='ltr'><strong><em>μοι</em></strong></span> <span class='ocrx_word' id='word_1_116' title='bbox 722 2055 762 2119; x_wconf 82' lang='grc' dir='ltr'><strong><em>τά</em></strong></span> <span class='ocrx_word' id='word_1_117' title='bbox 781 2051 879 2119; x_wconf 91' lang='grc' dir='ltr'><strong><em>δίκαι’</em></strong></span> <span class='ocrx_word' id='word_1_118' title='bbox 898 2055 1026 2119; x_wconf 77' lang='grc' dir='ltr'><strong><em>ἅπαντα</em></strong></span> <span class='ocrx_word' id='word_1_119' title='bbox 1043 2053 1098 2119; x_wconf 77' lang='grc' dir='ltr'><strong><em>καὶ</em></strong></span> <span class='ocrx_word' id='word_1_120' title='bbox 1117 2053 1183 2120; x_wconf 87' lang='grc' dir='ltr'><strong><em>ἐπι-</em></strong></span> 
     </span>
     <span class='ocr_line' id='line_1_18' title="bbox 183 2153 1186 2247; baseline 0.003 -25"><span class='ocrx_word' id='word_1_121' title='bbox 183 2159 342 2241; x_wconf 91' lang='grc' dir='ltr'><strong><em>δημήσειν</em></strong></span> <span class='ocrx_word' id='word_1_122' title='bbox 361 2153 532 2242; x_wconf 80' lang='grc' dir='ltr'><strong><em>Ἀθήνησι,</em></strong></span> <span class='ocrx_word' id='word_1_123' title='bbox 559 2161 617 2224; x_wconf 89' lang='grc' dir='ltr'><strong><em>τὸν</em></strong></span> <span class='ocrx_word' id='word_1_124' title='bbox 645 2157 676 2223; x_wconf 86' lang='grc' dir='ltr'><strong><em>δ’</em></strong></span> <span class='ocrx_word' id='word_1_125' title='bbox 702 2158 848 2243; x_wconf 89' lang='grc' dir='ltr'><strong><em>ἀδελφὸν</em></strong></span> <span class='ocrx_word' id='word_1_126' title='bbox 875 2161 934 2225; x_wconf 88' lang='grc' dir='ltr'><strong><em>τὸν</em></strong></span> <span class='ocrx_word' id='word_1_127' title='bbox 957 2160 1060 2225; x_wconf 85' lang='grc' dir='ltr'><strong><em>αὑτοῦ</em></strong></span> <span class='ocrx_word' id='word_1_128' title='bbox 1079 2157 1186 2247; x_wconf 83' lang='grc' dir='ltr'><strong><em>Ἀρτέ-</em></strong></span> 
     </span>
     <span class='ocr_line' id='line_1_19' title="bbox 181 2262 1203 2350; baseline 0.004 -23"><span class='ocrx_word' id='word_1_129' title='bbox 181 2287 276 2347; x_wconf 86' lang='grc' dir='ltr'><strong><em>μωνα</em></strong></span> <span class='ocrx_word' id='word_1_130' title='bbox 297 2264 499 2328; x_wconf 73' lang='grc' dir='ltr'><strong><em>πλεύσεσθαι</em></strong></span> <span class='ocrx_word' id='word_1_131' title='bbox 523 2263 575 2330; x_wconf 82' lang='grc' dir='ltr'><strong><em>ἐπὶ</em></strong></span> <span class='ocrx_word' id='word_1_132' title='bbox 597 2275 666 2340; x_wconf 78' lang='grc' dir='ltr'><strong><em>τοῖς</em></strong></span> <span class='ocrx_word' id='word_1_133' title='bbox 688 2267 838 2350; x_wconf 92' lang='grc' dir='ltr'><strong><em>χρήμασι.</em></strong></span> <span class='ocrx_word' id='word_1_134' title='bbox 883 2263 938 2329; x_wconf 81' lang='grc' dir='ltr'><strong><em>καὶ</em></strong></span> <span class='ocrx_word' id='word_1_135' title='bbox 960 2268 1032 2330; x_wconf 90' lang='grc' dir='ltr'><strong><em>τότε</em></strong></span> <span class='ocrx_word' id='word_1_136' title='bbox 1054 2264 1131 2350; x_wconf 84' lang='grc' dir='ltr'><strong><em>μέν,</em></strong></span> <span class='ocrx_word' id='word_1_137' title='bbox 1158 2262 1203 2331; x_wconf 75' lang='grc' dir='ltr'><strong><em>δι’</em></strong></span> 
     </span>
     <span class='ocr_line' id='line_1_20' title="bbox 182 2367 1180 2458; baseline 0.005 -25"><span class='ocrx_word' id='word_1_138' title='bbox 182 2370 301 2451; x_wconf 82' lang='grc' dir='ltr'><strong><em>ἀνδρες</em></strong></span> <span class='ocrx_word' id='word_1_139' title='bbox 324 2371 484 2452; x_wconf 89' lang='grc' dir='ltr'><strong><em>δικασταί,</em></strong></span> <span class='ocrx_word' id='word_1_140' title='bbox 507 2367 554 2435; x_wconf 83' lang='grc' dir='ltr'><strong><em>ὅτ’</em></strong></span> <span class='ocrx_word' id='word_1_141' title='bbox 577 2369 731 2454; x_wconf 85' lang='grc' dir='ltr'><strong><em>ἐβούλετο</em></strong></span> <span class='ocrx_word' id='word_1_142' title='bbox 751 2372 790 2436; x_wconf 84' lang='grc' dir='ltr'><strong><em>τὰ</em></strong></span> <span class='ocrx_word' id='word_1_143' title='bbox 808 2373 955 2456; x_wconf 91' lang='grc' dir='ltr'><strong><em>χρήματα</em></strong></span> <span class='ocrx_word' id='word_1_144' title='bbox 973 2376 1087 2456; x_wconf 79' lang='grc' dir='ltr'><strong><em>λαβεῖν</em></strong></span> <span class='ocrx_word' id='word_1_145' title='bbox 1104 2370 1180 2458; x_wconf 90' lang='grc' dir='ltr'><strong><em>παρ’</em></strong></span> 
     </span>
     <span class='ocr_line' id='line_1_21' title="bbox 182 2473 1183 2563; baseline 0.002 -23"><span class='ocrx_word' id='word_1_146' title='bbox 182 2475 286 2559; x_wconf 79' lang='grc' dir='ltr'><strong><em>ἡμῶν,</em></strong></span> <span class='ocrx_word' id='word_1_147' title='bbox 308 2473 363 2540; x_wconf 81' lang='grc' dir='ltr'><strong><em>καὶ</em></strong></span> <span class='ocrx_word' id='word_1_148' title='bbox 386 2474 528 2560; x_wconf 86' lang='grc' dir='ltr'><strong><em>ἀδελφὸς</em></strong></span> <span class='ocrx_word' id='word_1_149' title='bbox 551 2479 613 2561; x_wconf 81' lang='grc' dir='ltr'><strong><em>ἔφη</em></strong></span> <span class='ocrx_word' id='word_1_150' title='bbox 637 2473 722 2542; x_wconf 80' lang='grc' dir='ltr'><strong><em>εἶναι</em></strong></span> <span class='ocrx_word' id='word_1_151' title='bbox 745 2475 800 2542; x_wconf 81' lang='grc' dir='ltr'><strong><em>καὶ</em></strong></span> <span class='ocrx_word' id='word_1_152' title='bbox 822 2479 981 2555; x_wconf 86' lang='grc' dir='ltr'><strong><em>κοινωνὸς</em></strong></span> <span class='ocrx_word' id='word_1_153' title='bbox 1003 2488 1063 2544; x_wconf 88' lang='grc' dir='ltr'><strong><em>τοῦ</em></strong></span> <span class='ocrx_word' id='word_1_154' title='bbox 1077 2474 1183 2563; x_wconf 84' lang='grc' dir='ltr'><strong><em>Ἀρτέ-</em></strong></span> 
     </span>
     <span class='ocr_line' id='line_1_22' title="bbox 182 2580 1184 2666; baseline 0.003 -20"><span class='ocrx_word' id='word_1_155' title='bbox 182 2604 291 2664; x_wconf 83' lang='grc' dir='ltr'><strong><em>μωνος</em></strong></span> <span class='ocrx_word' id='word_1_156' title='bbox 326 2580 380 2646; x_wconf 77' lang='grc' dir='ltr'><strong><em>καὶ</em></strong></span> <span class='ocrx_word' id='word_1_157' title='bbox 415 2585 534 2665; x_wconf 84' lang='grc' dir='ltr'><strong><em>λόγους</em></strong></span> <span class='ocrx_word' id='word_1_158' title='bbox 564 2587 759 2666; x_wconf 78' lang='grc' dir='ltr'><strong><em>θαυμασίως</em></strong></span> <span class='ocrx_word' id='word_1_159' title='bbox 790 2583 834 2659; x_wconf 78' lang='grc' dir='ltr'><strong><em>ὡς</em></strong></span> <span class='ocrx_word' id='word_1_160' title='bbox 865 2586 1028 2659; x_wconf 84' lang='grc' dir='ltr'><strong><em>πιθανοὺς</em></strong></span> <span class='ocrx_word' id='word_1_161' title='bbox 1060 2585 1184 2666; x_wconf 82' lang='grc' dir='ltr'><strong><em>ἔλεγεν·</em></strong></span> 
     </span>
    </p>

    <p class='ocr_par' dir='ltr' id='par_1_6' title="bbox 131 2684 1185 2773">
     <span class='ocr_line' id='line_1_23' title="bbox 131 2684 1185 2773; baseline 0.002 -21"><span class='ocrx_word' id='word_1_162' title='bbox 131 2704 161 2752; x_wconf 89' lang='lat'><strong><em>11</em></strong></span> <span class='ocrx_word' id='word_1_163' title='bbox 183 2687 294 2771; x_wconf 85' lang='grc' dir='ltr'><strong><em>ἐπειδή</em></strong></span> <span class='ocrx_word' id='word_1_164' title='bbox 327 2684 364 2752; x_wconf 70' lang='grc' dir='ltr'><strong><em>δέ</em></strong></span> <span class='ocrx_word' id='word_1_165' title='bbox 394 2685 517 2772; x_wconf 90' lang='grc' dir='ltr'><strong><em>τάχιστ’</em></strong></span> <span class='ocrx_word' id='word_1_166' title='bbox 547 2688 713 2772; x_wconf 77' lang='grc' dir='ltr'><strong><em>ἐγκρατεῖς</em></strong></span> <span class='ocrx_word' id='word_1_167' title='bbox 742 2687 893 2771; x_wconf 87' lang='grc' dir='ltr'><strong><em>ἐγένοντο</em></strong></span> <span class='ocrx_word' id='word_1_168' title='bbox 923 2700 983 2755; x_wconf 89' lang='grc' dir='ltr'><strong><em>τοῦ</em></strong></span> <span class='ocrx_word' id='word_1_169' title='bbox 1012 2688 1185 2773; x_wconf 88' lang='grc' dir='ltr'><strong><em>ἀργυρίου,</em></strong></span> 
     </span>
    </p>

    <p class='ocr_par' dir='ltr' id='par_1_7' title="bbox 57 2790 1186 3196">
     <span class='ocr_line' id='line_1_24' title="bbox 57 2790 1185 2879; baseline -0.001 -19"><span class='ocrx_word' id='word_1_170' title='bbox 57 2853 60 2860; x_wconf 93' lang='grc'><em>.</em></span> <span class='ocrx_word' id='word_1_171' title='bbox 179 2803 279 2859; x_wconf 86' lang='grc' dir='ltr'><strong><em>τοῦτο</em></strong></span> <span class='ocrx_word' id='word_1_172' title='bbox 307 2790 368 2877; x_wconf 73' lang='grc' dir='ltr'><strong><em>μὲν</em></strong></span> <span class='ocrx_word' id='word_1_173' title='bbox 394 2796 598 2878; x_wconf 88' lang='grc' dir='ltr'><strong><em>διενείμαντο</em></strong></span> <span class='ocrx_word' id='word_1_174' title='bbox 622 2792 676 2858; x_wconf 77' lang='grc' dir='ltr'><strong><em>καὶ</em></strong></span> <span class='ocrx_word' id='word_1_175' title='bbox 700 2793 857 2879; x_wconf 84' lang='grc' dir='ltr'><strong><em>ἐχρῶντο,</em></strong></span> <span class='ocrx_word' id='word_1_176' title='bbox 884 2795 903 2860; x_wconf 79' lang='grc' dir='ltr'><strong><em>ὅ</em></strong></span> <span class='ocrx_word' id='word_1_177' title='bbox 925 2819 958 2859; x_wconf 92' lang='grc' dir='ltr'><strong><em>τι</em></strong></span> <span class='ocrx_word' id='word_1_178' title='bbox 981 2794 1087 2859; x_wconf 81' lang='grc' dir='ltr'><strong><em>ἐδόκει</em></strong></span> <span class='ocrx_word' id='word_1_179' title='bbox 1109 2796 1185 2860; x_wconf 84' lang='grc' dir='ltr'><strong><em>τού-</em></strong></span> 
     </span>
     <span class='ocr_line' id='line_1_25' title="bbox 181 2895 1186 2984; baseline 0.003 -21"><span class='ocrx_word' id='word_1_180' title='bbox 181 2921 265 2980; x_wconf 91' lang='grc' dir='ltr'><strong><em>τοις,</em></strong></span> <span class='ocrx_word' id='word_1_181' title='bbox 291 2900 373 2963; x_wconf 86' lang='grc' dir='ltr'><strong><em>κατά</em></strong></span> <span class='ocrx_word' id='word_1_182' title='bbox 396 2895 433 2964; x_wconf 74' lang='grc' dir='ltr'><strong><em>δέ</em></strong></span> <span class='ocrx_word' id='word_1_183' title='bbox 455 2901 515 2983; x_wconf 89' lang='grc' dir='ltr'><strong><em>τήν</em></strong></span> <span class='ocrx_word' id='word_1_184' title='bbox 539 2901 735 2984; x_wconf 85' lang='grc' dir='ltr'><strong><em>συγγραφήν</em></strong></span> <span class='ocrx_word' id='word_1_185' title='bbox 757 2901 819 2983; x_wconf 88' lang='grc' dir='ltr'><strong><em>τήν</em></strong></span> <span class='ocrx_word' id='word_1_186' title='bbox 841 2902 1015 2984; x_wconf 83' lang='grc' dir='ltr'><strong><em>ναυτικήν,</em></strong></span> <span class='ocrx_word' id='word_1_187' title='bbox 1041 2897 1119 2964; x_wconf 89' lang='grc' dir='ltr'><strong><em>καθ’</em></strong></span> <span class='ocrx_word' id='word_1_188' title='bbox 1142 2900 1186 2984; x_wconf 79' lang='grc' dir='ltr'><strong><em>ἣν</em></strong></span> 
     </span>
     <span class='ocr_line' id='line_1_26' title="bbox 181 3003 1186 3090; baseline 0.001 -20"><span class='ocrx_word' id='word_1_189' title='bbox 181 3008 301 3090; x_wconf 78' lang='grc' dir='ltr'><strong><em>ἔλαβον</em></strong></span> <span class='ocrx_word' id='word_1_190' title='bbox 322 3004 363 3068; x_wconf 87' lang='grc' dir='ltr'><strong><em>τδ</em></strong></span> <span class='ocrx_word' id='word_1_191' title='bbox 386 3007 548 3088; x_wconf 88' lang='grc' dir='ltr'><strong><em>χρήματα,</em></strong></span> <span class='ocrx_word' id='word_1_192' title='bbox 572 3006 647 3069; x_wconf 78' lang='grc' dir='ltr'><strong><em>οὔτε</em></strong></span> <span class='ocrx_word' id='word_1_193' title='bbox 670 3003 752 3088; x_wconf 85' lang='grc' dir='ltr'><strong><em>μέγα</em></strong></span> <span class='ocrx_word' id='word_1_194' title='bbox 776 3006 851 3071; x_wconf 84' lang='grc' dir='ltr'><strong><em>οὔτε</em></strong></span> <span class='ocrx_word' id='word_1_195' title='bbox 874 3007 992 3089; x_wconf 90' lang='grc' dir='ltr'><strong><em>μικρὸν</em></strong></span> <span class='ocrx_word' id='word_1_196' title='bbox 1014 3008 1186 3090; x_wconf 78' lang='grc' dir='ltr'><strong><em>ἔτραπον,</em></strong></span> 
     </span>
     <span class='ocr_line' id='line_1_27' title="bbox 181 3110 708 3196; baseline -0.002 -20"><span class='ocrx_word' id='word_1_197' title='bbox 181 3113 225 3188; x_wconf 78' lang='grc' dir='ltr'><strong><em>ὡς</em></strong></span> <span class='ocrx_word' id='word_1_198' title='bbox 248 3111 329 3176; x_wconf 84' lang='grc' dir='ltr'><strong><em>αὐτὸ</em></strong></span> <span class='ocrx_word' id='word_1_199' title='bbox 351 3112 389 3176; x_wconf 93' lang='grc' dir='ltr'><strong><em>τὸ</em></strong></span> <span class='ocrx_word' id='word_1_200' title='bbox 413 3113 511 3193; x_wconf 84' lang='grc' dir='ltr'><strong><em>ἔργον</em></strong></span> <span class='ocrx_word' id='word_1_201' title='bbox 534 3110 708 3196; x_wconf 81' lang='grc' dir='ltr'><strong><em>ἐδήλωσεν.</em></strong></span> 
     </span>
    </p>

    <p class='ocr_par' dir='ltr' id='par_1_8' title="bbox 131 3212 1185 3624">
     <span class='ocr_line' id='line_1_28' title="bbox 131 3212 1183 3303; baseline 0.002 -21"><span class='ocrx_word' id='word_1_202' title='bbox 131 3234 162 3282; x_wconf 78' lang='lat'><strong><em>12</em></strong></span> <span class='ocrx_word' id='word_1_203' title='bbox 247 3219 389 3298; x_wconf 83' lang='grc' dir='ltr'><strong><em>Πρῶτον</em></strong></span> <span class='ocrx_word' id='word_1_204' title='bbox 416 3212 477 3300; x_wconf 69' lang='grc' dir='ltr'><strong><em>μέν</em></strong></span> <span class='ocrx_word' id='word_1_205' title='bbox 503 3217 566 3298; x_wconf 88' lang='grc' dir='ltr'><strong><em>γάρ</em></strong></span> <span class='ocrx_word' id='word_1_206' title='bbox 593 3215 787 3300; x_wconf 90' lang='grc' dir='ltr'><strong><em>γέγραπται,</em></strong></span> <span class='ocrx_word' id='word_1_207' title='bbox 817 3217 867 3282; x_wconf 84' lang='grc' dir='ltr'><strong><em>δτι</em></strong></span> <span class='ocrx_word' id='word_1_208' title='bbox 895 3215 944 3282; x_wconf 82' lang='grc' dir='ltr'><strong><em>ἐπ’</em></strong></span> <span class='ocrx_word' id='word_1_209' title='bbox 970 3223 1065 3283; x_wconf 85' lang='grc' dir='ltr'><strong><em>οίνου</em></strong></span> <span class='ocrx_word' id='word_1_210' title='bbox 1091 3241 1183 3303; x_wconf 87' lang='grc' dir='ltr'><strong><em>κερα-</em></strong></span> 
     </span>
     <span class='ocr_line' id='line_1_29' title="bbox 181 3321 1185 3408; baseline 0.005 -23"><span class='ocrx_word' id='word_1_211' title='bbox 181 3325 269 3406; x_wconf 88' lang='grc' dir='ltr'><strong><em>μίοις</em></strong></span> <span class='ocrx_word' id='word_1_212' title='bbox 290 3326 483 3407; x_wconf 88' lang='grc' dir='ltr'><strong><em>τρισχιλίοις</em></strong></span> <span class='ocrx_word' id='word_1_213' title='bbox 502 3321 713 3387; x_wconf 85' lang='grc' dir='ltr'><strong><em>ἐδανείσαντο</em></strong></span> <span class='ocrx_word' id='word_1_214' title='bbox 732 3321 808 3405; x_wconf 90' lang='grc' dir='ltr'><strong><em>παρ’</em></strong></span> <span class='ocrx_word' id='word_1_215' title='bbox 827 3321 920 3406; x_wconf 80' lang='grc' dir='ltr'><strong><em>ήμῶν</em></strong></span> <span class='ocrx_word' id='word_1_216' title='bbox 937 3324 994 3399; x_wconf 84' lang='grc' dir='ltr'><strong><em>τάς</em></strong></span> <span class='ocrx_word' id='word_1_217' title='bbox 1011 3323 1185 3408; x_wconf 88' lang='grc' dir='ltr'><strong><em>τριάκοντα</em></strong></span> 
     </span>
     <span class='ocr_line' id='line_1_30' title="bbox 182 3425 1184 3513; baseline 0.002 -21"><span class='ocrx_word' id='word_1_218' title='bbox 182 3437 280 3511; x_wconf 82' lang='grc' dir='ltr'><strong><em>μνᾶς,</em></strong></span> <span class='ocrx_word' id='word_1_219' title='bbox 307 3429 351 3504; x_wconf 81' lang='grc' dir='ltr'><strong><em>ὡς</em></strong></span> <span class='ocrx_word' id='word_1_220' title='bbox 377 3427 588 3512; x_wconf 81' lang='grc' dir='ltr'><strong><em>ὑπαρχούσης</em></strong></span> <span class='ocrx_word' id='word_1_221' title='bbox 615 3427 727 3504; x_wconf 81' lang='grc' dir='ltr'><strong><em>αὐτοῖς</em></strong></span> <span class='ocrx_word' id='word_1_222' title='bbox 753 3427 926 3512; x_wconf 85' lang='grc' dir='ltr'><strong><em>ὑποθήκης</em></strong></span> <span class='ocrx_word' id='word_1_223' title='bbox 953 3425 1073 3512; x_wconf 82' lang='grc' dir='ltr'><strong><em>ἑτέρων</em></strong></span> <span class='ocrx_word' id='word_1_224' title='bbox 1095 3429 1184 3513; x_wconf 90' lang='grc' dir='ltr'><strong><em>τριά-</em></strong></span> 
     </span>
     <span class='ocr_line' id='line_1_31' title="bbox 181 3530 1185 3624; baseline -0.004 -20"><span class='ocrx_word' id='word_1_225' title='bbox 181 3557 282 3606; x_wconf 81' lang='grc' dir='ltr'><strong><em>κοντα</em></strong></span> <span class='ocrx_word' id='word_1_226' title='bbox 310 3543 418 3622; x_wconf 81' lang='grc' dir='ltr'><strong><em>μνῶν,</em></strong></span> <span class='ocrx_word' id='word_1_227' title='bbox 446 3530 522 3604; x_wconf 78' lang='grc' dir='ltr'><strong><em>ὥστ’</em></strong></span> <span class='ocrx_word' id='word_1_228' title='bbox 548 3536 597 3614; x_wconf 86' lang='grc' dir='ltr'><strong><em>είς</em></strong></span> <span class='ocrx_word' id='word_1_229' title='bbox 623 3534 784 3604; x_wconf 85' lang='grc' dir='ltr'><strong><em>τάλαντον</em></strong></span> <span class='ocrx_word' id='word_1_230' title='bbox 812 3532 974 3618; x_wconf 89' lang='grc' dir='ltr'><strong><em>ἀργυρίου</em></strong></span> <span class='ocrx_word' id='word_1_231' title='bbox 1000 3535 1061 3623; x_wconf 87' lang='grc' dir='ltr'><strong><em>τήν</em></strong></span> <span class='ocrx_word' id='word_1_232' title='bbox 1088 3536 1185 3624; x_wconf 85' lang='grc' dir='ltr'><strong><em>τιμήν</em></strong></span> 
     </span>
    </p>
   </div>
   <div class='ocr_carea' id='block_1_5' title="bbox 0 0 1338 4002">
    <p class='ocr_par' dir='ltr' id='par_1_9' title="bbox 0 0 1338 4002">
     <span class='ocr_line' id='line_1_32' title="bbox 0 0 1338 4002; baseline 0 0"><span class='ocrx_word' id='word_1_233' title='bbox 0 0 1338 4002; x_wconf 95' lang='lat' dir='ltr'><strong><em> </em></strong></span> 
     </span>
    </p>
   </div>
  </div>
 </body>
</html>
