<?xml version="1.0" encoding="UTF-8"?>
<!DOCTYPE html PUBLIC "-//W3C//DTD XHTML 1.0 Transitional//EN"
    "http://www.w3.org/TR/xhtml1/DTD/xhtml1-transitional.dtd">
<html xmlns="http://www.w3.org/1999/xhtml" xml:lang="en" lang="en">
 <head>
  <title>
</title>
<meta http-equiv="Content-Type" content="text/html;charset=utf-8" />
  <meta name='ocr-system' content='tesseract 3.04.00' />
  <meta name='ocr-capabilities' content='ocr_page ocr_carea ocr_par ocr_line ocrx_word'/>
</head>
<body>
  <div class='ocr_page' id='page_1' title='image "./florilegiumgrae02petegoog_0069.png"; bbox 0 0 2668 4002; ppageno 0'>
   <div class='ocr_carea' id='block_1_1' title="bbox 237 213 925 287">
    <p class='ocr_par' dir='ltr' id='par_1_1' title="bbox 237 213 925 287">
     <span class='ocr_line' id='line_1_1' title="bbox 237 213 925 287; baseline -0.004 -16"><span class='ocrx_word' id='word_1_1' title='bbox 237 216 280 281; x_wconf 80' lang='grc'><strong><em>64</em></strong></span> <span class='ocrx_word' id='word_1_2' title='bbox 547 220 618 271; x_wconf 79' lang='lat' dir='ltr'><strong><em>xlv</em></strong></span> <span class='ocrx_word' id='word_1_3' title='bbox 638 213 925 287; x_wconf 61' lang='lat' dir='ltr'><strong><em>[mmmmm]</em></strong></span> 
     </span>
    </p>
   </div>
   <div class='ocr_carea' id='block_1_2' title="bbox 1242 320 1307 612">
    <p class='ocr_par' dir='ltr' id='par_1_2' title="bbox 1242 320 1307 604">
     <span class='ocr_line' id='line_1_2' title="bbox 1242 320 1307 406; baseline 0 0"><span class='ocrx_word' id='word_1_4' title='bbox 1242 320 1272 400; x_wconf 73' lang='grc' dir='ltr'><strong><em>λι</em></strong></span> <span class='ocrx_word' id='word_1_5' title='bbox 1257 335 1307 406; x_wconf 73' lang='grc' dir='ltr'><strong><em>αν</em></strong></span> 
     </span>
     <span class='ocr_line' id='line_1_3' title="bbox 1249 427 1300 508; baseline 0.111 -18.667"><span class='ocrx_word' id='word_1_6' title='bbox 1249 427 1264 490; x_wconf 84' lang='grc' dir='ltr'><strong><em>λλ</em></strong></span> <span class='ocrx_word' id='word_1_7' title='bbox 1266 429 1300 508; x_wconf 76' lang='grc' dir='ltr'><strong><em>λξιι</em></strong></span> 
     </span>
     <span class='ocr_line' id='line_1_4' title="bbox 1246 536 1307 612; baseline 0 -20"><span class='ocrx_word' id='word_1_8' title='bbox 1246 536 1279 612; x_wconf 67' lang='grc' dir='ltr'><strong><em>1ος</em></strong></span> <span class='ocrx_word' id='word_1_9' title='bbox 1288 544 1307 604; x_wconf 67' lang='grc' dir='ltr'><strong><em>λγ</em></strong></span> 
     </span>
    </p>
   </div>
   <div class='ocr_carea' id='block_1_3' title="bbox 1246 643 1307 721">
    <p class='ocr_par' dir='ltr' id='par_1_3' title="bbox 1246 643 1307 721">
     <span class='ocr_line' id='line_1_5' title="bbox 1246 643 1307 721; baseline -0.016 -10"><span class='ocrx_word' id='word_1_10' title='bbox 1246 643 1277 721; x_wconf 68' lang='grc' dir='ltr'><strong><em>ἐἰς</em></strong></span> <span class='ocrx_word' id='word_1_11' title='bbox 1288 647 1307 710; x_wconf 81' lang='grc' dir='ltr'><strong><em>ολ</em></strong></span> 
     </span>
    </p>
   </div>
   <div class='ocr_carea' id='block_1_4' title="bbox 185 374 1307 3638">
    <p class='ocr_par' dir='ltr' id='par_1_4' title="bbox 236 374 1254 778">
     <span class='ocr_line' id='line_1_6' title="bbox 236 374 1254 486; baseline -0.007 -42"><span class='ocrx_word' id='word_1_12' title='bbox 236 379 433 445; x_wconf 85' lang='grc' dir='ltr'><strong><em>τούναντίον</em></strong></span> <span class='ocrx_word' id='word_1_13' title='bbox 461 381 506 456; x_wconf 93' lang='grc' dir='ltr'><strong><em>εἰς</em></strong></span> <span class='ocrx_word' id='word_1_14' title='bbox 532 382 592 444; x_wconf 87' lang='grc' dir='ltr'><strong><em>τὸν</em></strong></span> <span class='ocrx_word' id='word_1_15' title='bbox 614 382 749 444; x_wconf 84' lang='grc' dir='ltr'><strong><em>Πόντον</em></strong></span> <span class='ocrx_word' id='word_1_16' title='bbox 777 374 853 444; x_wconf 84' lang='grc' dir='ltr'><strong><em>δ</em></strong></span> <span class='ocrx_word' id='word_1_17' title='bbox 819 402 909 454; x_wconf 89' lang='grc' dir='ltr'><strong><em>οινος</em></strong></span> <span class='ocrx_word' id='word_1_18' title='bbox 932 377 1094 460; x_wconf 75' lang='grc' dir='ltr'><em>εἰσάγεται</em></span> <span class='ocrx_word' id='word_1_19' title='bbox 1117 374 1153 439; x_wconf 90' lang='grc' dir='ltr'><strong><em>έκ</em></strong></span> <span class='ocrx_word' id='word_1_20' title='bbox 1175 385 1254 486; x_wconf 78' lang='grc' dir='ltr'><strong><em>τῶν,</em></strong></span> 
     </span>
     <span class='ocr_line' id='line_1_7' title="bbox 237 479 1266 569; baseline -0.006 -19"><span class='ocrx_word' id='word_1_21' title='bbox 237 487 346 550; x_wconf 82' lang='grc' dir='ltr'><strong><em>τόπων</em></strong></span> <span class='ocrx_word' id='word_1_22' title='bbox 379 497 444 550; x_wconf 86' lang='grc' dir='ltr'><strong><em>τῶν</em></strong></span> <span class='ocrx_word' id='word_1_23' title='bbox 476 483 551 569; x_wconf 90' lang='grc' dir='ltr'><strong><em>περλ</em></strong></span> <span class='ocrx_word' id='word_1_24' title='bbox 582 483 732 569; x_wconf 76' lang='grc' dir='ltr'><strong><em>ἡμᾶς,έ</em></strong></span> <span class='ocrx_word' id='word_1_25' title='bbox 732 509 752 548; x_wconf 93' lang='grc' dir='ltr'><strong><em>κ</em></strong></span> <span class='ocrx_word' id='word_1_26' title='bbox 781 487 986 568; x_wconf 77' lang='grc' dir='ltr'><strong><em>Πεπαρήθου</em></strong></span> <span class='ocrx_word' id='word_1_27' title='bbox 1015 479 1070 547; x_wconf 92' lang='grc' dir='ltr'><strong><em>καλ</em></strong></span> <span class='ocrx_word' id='word_1_28' title='bbox 1100 485 1158 545; x_wconf 86' lang='grc' dir='ltr'><strong><em>Κῶ</em></strong></span> <span class='ocrx_word' id='word_1_29' title='bbox 1187 479 1266 550; x_wconf 88' lang='grc' dir='ltr'><strong><em>καλ</em></strong></span> 
     </span>
     <span class='ocr_line' id='line_1_8' title="bbox 239 587 1307 670; baseline -0.001 -17"><span class='ocrx_word' id='word_1_30' title='bbox 239 591 360 666; x_wconf 79' lang='grc' dir='ltr'><strong><em>Θάσιος</em></strong></span> <span class='ocrx_word' id='word_1_31' title='bbox 377 589 432 656; x_wconf 91' lang='grc' dir='ltr'><strong><em>καλ</em></strong></span> <span class='ocrx_word' id='word_1_32' title='bbox 447 594 617 668; x_wconf 78' lang='grc' dir='ltr'><strong><em>Μενδαῖος</em></strong></span> <span class='ocrx_word' id='word_1_33' title='bbox 635 588 690 656; x_wconf 91' lang='grc' dir='ltr'><strong><em>καλ</em></strong></span> <span class='ocrx_word' id='word_1_34' title='bbox 709 590 741 668; x_wconf 83' lang='grc' dir='ltr'><strong><em>ἐξ</em></strong></span> <span class='ocrx_word' id='word_1_35' title='bbox 756 591 866 655; x_wconf 75' lang='grc' dir='ltr'><strong><em>ἄλλων</em></strong></span> <span class='ocrx_word' id='word_1_36' title='bbox 880 592 1008 654; x_wconf 87' lang='grc' dir='ltr'><strong><em>πόλεων</em></strong></span> <span class='ocrx_word' id='word_1_37' title='bbox 1021 587 1307 670; x_wconf 80' lang='grc' dir='ltr'><strong><em>παντοδαπός·,“,</em></strong></span> 
     </span>
     <span class='ocr_line' id='line_1_9' title="bbox 238 692 1154 826; baseline -0.002 -66"><span class='ocrx_word' id='word_1_38' title='bbox 238 695 274 761; x_wconf 76' lang='grc' dir='ltr'><strong><em>ἐκ</em></strong></span> <span class='ocrx_word' id='word_1_39' title='bbox 297 692 334 761; x_wconf 74' lang='grc' dir='ltr'><strong><em>δὲ</em></strong></span> <span class='ocrx_word' id='word_1_40' title='bbox 357 706 416 762; x_wconf 88' lang='grc' dir='ltr'><strong><em>τοῦ</em></strong></span> <span class='ocrx_word' id='word_1_41' title='bbox 440 696 618 762; x_wconf 90' lang='grc' dir='ltr'><strong><em>Πόντου</em></strong></span> <span class='ocrx_word' id='word_1_42' title='bbox 599 720 672 826; x_wconf 86' lang='grc' dir='ltr'><strong><em>ετερ</em></strong></span> <span class='ocrx_word' id='word_1_43' title='bbox 673 694 793 761; x_wconf 82' lang='grc' dir='ltr'><strong><em>’ἐστὶν</em></strong></span> <span class='ocrx_word' id='word_1_44' title='bbox 816 695 836 760; x_wconf 82' lang='grc' dir='ltr'><strong><em>λλ</em></strong></span> <span class='ocrx_word' id='word_1_45' title='bbox 859 694 1022 778; x_wconf 80' lang='grc' dir='ltr'><strong><em>εἰσάγεται</em></strong></span> <span class='ocrx_word' id='word_1_46' title='bbox 1045 696 1154 778; x_wconf 85' lang='grc' dir='ltr'><strong><em>δεῦρο.</em></strong></span> 
     </span>
    </p>

    <p class='ocr_par' dir='ltr' id='par_1_5' title="bbox 185 763 1307 1522">
     <span class='ocr_line' id='line_1_10' title="bbox 185 763 1307 890; baseline -0.002 -24"><span class='ocrx_word' id='word_1_47' title='bbox 185 819 218 866; x_wconf 75' lang='lat'><strong><em>25</em></strong></span> <span class='ocrx_word' id='word_1_48' title='bbox 305 805 531 890; x_wconf 86' lang='grc' dir='ltr'><strong><em>Κατεχόμενος</em></strong></span> <span class='ocrx_word' id='word_1_49' title='bbox 558 801 631 868; x_wconf 70' lang='grc' dir='ltr'><strong><em>δΗ</em></strong></span> <span class='ocrx_word' id='word_1_50' title='bbox 615 801 672 887; x_wconf 86' lang='grc' dir='ltr'><strong><em>αφ’</em></strong></span> <span class='ocrx_word' id='word_1_51' title='bbox 700 802 793 886; x_wconf 78' lang='grc' dir='ltr'><strong><em>ἡμῶν</em></strong></span> <span class='ocrx_word' id='word_1_52' title='bbox 821 800 875 866; x_wconf 91' lang='grc' dir='ltr'><strong><em>καλ</em></strong></span> <span class='ocrx_word' id='word_1_53' title='bbox 903 801 1129 885; x_wconf 77' lang='grc' dir='ltr'><strong><em>ἐλεγχόμενος,</em></strong></span> <span class='ocrx_word' id='word_1_54' title='bbox 1156 805 1189 865; x_wconf 87' lang='grc' dir='ltr'><strong><em>εἰ</em></strong></span> <span class='ocrx_word' id='word_1_55' title='bbox 1210 815 1283 870; x_wconf 92' lang='grc' dir='ltr'><strong><em>τι.</em></strong></span> <span class='ocrx_word' id='word_1_56' title='bbox 1248 763 1307 833; x_wconf 53' lang='lat' dir='ltr'><strong><em>mffi</em></strong></span> 
     </span>
     <span class='ocr_line' id='line_1_11' title="bbox 237 875 1307 1037; baseline -0.002 -65"><span class='ocrx_word' id='word_1_57' title='bbox 237 907 442 991; x_wconf 73' lang='grc' dir='ltr'><strong><em>περιγένοιτο</em></strong></span> <span class='ocrx_word' id='word_1_58' title='bbox 469 921 535 974; x_wconf 85' lang='grc' dir='ltr'><strong><em>τῶν</em></strong></span> <span class='ocrx_word' id='word_1_59' title='bbox 559 910 732 1037; x_wconf 84' lang='grc' dir='ltr'><strong><em>χρημάτων</em></strong></span> <span class='ocrx_word' id='word_1_60' title='bbox 756 907 794 973; x_wconf 85' lang='grc' dir='ltr'><strong><em>έν</em></strong></span> <span class='ocrx_word' id='word_1_61' title='bbox 815 917 859 996; x_wconf 75' lang='grc' dir='ltr'><strong><em>τῷ</em></strong></span> <span class='ocrx_word' id='word_1_62' title='bbox 884 905 1064 995; x_wconf 84' lang='grc' dir='ltr'><strong><em>Πόντφ,’</em></strong></span> <span class='ocrx_word' id='word_1_63' title='bbox 1047 909 1291 990; x_wconf 91' lang='grc' dir='ltr'><strong><em>απεκρίνατο</em></strong></span> <span class='ocrx_word' id='word_1_64' title='bbox 1248 875 1307 926; x_wconf 50' lang='lat' dir='ltr'><strong><em>Hm*</em></strong></span> 
     </span>
     <span class='ocr_line' id='line_1_12' title="bbox 238 1010 1287 1098; baseline -0.004 -19"><span class='ocrx_word' id='word_1_65' title='bbox 238 1014 401 1098; x_wconf 88' lang='grc' dir='ltr'><strong><em>Λάκριτος</em></strong></span> <span class='ocrx_word' id='word_1_66' title='bbox 424 1015 549 1097; x_wconf 88' lang='grc' dir='ltr'><strong><em>οὑτοσί,</em></strong></span> <span class='ocrx_word' id='word_1_67' title='bbox 572 1015 622 1079; x_wconf 83' lang='grc' dir='ltr'><strong><em>ὅτι</em></strong></span> <span class='ocrx_word' id='word_1_68' title='bbox 646 1012 762 1080; x_wconf 78' lang='grc' dir='ltr'><strong><em>ἑκατὸν</em></strong></span> <span class='ocrx_word' id='word_1_69' title='bbox 786 1023 939 1097; x_wconf 79' lang='grc' dir='ltr'><strong><em>στατῆρες</em></strong></span> <span class='ocrx_word' id='word_1_70' title='bbox 960 1010 1135 1095; x_wconf 80' lang='grc' dir='ltr'><strong><em>Κυζικηνοὶ</em></strong></span> <span class='ocrx_word' id='word_1_71' title='bbox 1153 1034 1287 1096; x_wconf 88' lang='grc' dir='ltr'><strong><em>περι-</em></strong></span> 
     </span>
     <span class='ocr_line' id='line_1_13' title="bbox 239 1116 1247 1205; baseline 0 -22"><span class='ocrx_word' id='word_1_72' title='bbox 239 1117 404 1203; x_wconf 82' lang='grc' dir='ltr'><strong><em>γένοιντο,</em></strong></span> <span class='ocrx_word' id='word_1_73' title='bbox 432 1118 487 1185; x_wconf 92' lang='grc' dir='ltr'><strong><em>καλ</em></strong></span> <span class='ocrx_word' id='word_1_74' title='bbox 513 1131 611 1187; x_wconf 87' lang='grc' dir='ltr'><strong><em>τοῦτο</em></strong></span> <span class='ocrx_word' id='word_1_75' title='bbox 637 1123 673 1185; x_wconf 93' lang='grc' dir='ltr'><strong><em>τὸ</em></strong></span> <span class='ocrx_word' id='word_1_76' title='bbox 697 1123 834 1205; x_wconf 84' lang='grc' dir='ltr'><strong><em>χρυσίον</em></strong></span> <span class='ocrx_word' id='word_1_77' title='bbox 858 1119 1054 1194; x_wconf 81' lang='grc' dir='ltr'><strong><em>δεδανεικὼς</em></strong></span> <span class='ocrx_word' id='word_1_78' title='bbox 1076 1124 1125 1200; x_wconf 86' lang='grc' dir='ltr'><strong><em>εἰη</em></strong></span> <span class='ocrx_word' id='word_1_79' title='bbox 1149 1116 1247 1183; x_wconf 84' lang='grc' dir='ltr'><strong><em>ἁδελ</em></strong></span> 
     </span>
     <span class='ocr_line' id='line_1_14' title="bbox 239 1222 1307 1335; baseline -0.002 -45"><span class='ocrx_word' id='word_1_80' title='bbox 239 1226 302 1310; x_wconf 88' lang='grc' dir='ltr'><strong><em>φὸς</em></strong></span> <span class='ocrx_word' id='word_1_81' title='bbox 329 1225 431 1291; x_wconf 89' lang='grc' dir='ltr'><strong><em>αὐτοῦ</em></strong></span> <span class='ocrx_word' id='word_1_82' title='bbox 460 1225 495 1290; x_wconf 83' lang='grc' dir='ltr'><strong><em>ἐν</em></strong></span> <span class='ocrx_word' id='word_1_83' title='bbox 523 1235 568 1313; x_wconf 76' lang='grc' dir='ltr'><strong><em>τῷ</em></strong></span> <span class='ocrx_word' id='word_1_84' title='bbox 598 1227 718 1314; x_wconf 84' lang='grc' dir='ltr'><strong><em>Πόυτφ</em></strong></span> <span class='ocrx_word' id='word_1_85' title='bbox 746 1229 937 1313; x_wconf 77' lang='grc' dir='ltr'><strong><em>ναυκλήρῳ,</em></strong></span> <span class='ocrx_word' id='word_1_86' title='bbox 969 1222 1034 1290; x_wconf 91' lang='grc' dir='ltr'><strong><em>τινλ</em></strong></span> <span class='ocrx_word' id='word_1_87' title='bbox 1064 1227 1259 1310; x_wconf 85' lang='grc' dir='ltr'><strong><em>Φασηλίτη,</em></strong></span> <span class='ocrx_word' id='word_1_88' title='bbox 1256 1261 1307 1335; x_wconf 45' lang='grc' dir='ltr'><strong><em>,Ἠ</em></strong></span> 
     </span>
     <span class='ocr_line' id='line_1_15' title="bbox 239 1328 1245 1420; baseline 0 -26"><span class='ocrx_word' id='word_1_89' title='bbox 239 1335 355 1416; x_wconf 74' lang='grc' dir='ltr'><strong><em>πολίτῃ</em></strong></span> <span class='ocrx_word' id='word_1_90' title='bbox 379 1329 433 1396; x_wconf 94' lang='grc' dir='ltr'><strong><em>καλ</em></strong></span> <span class='ocrx_word' id='word_1_91' title='bbox 457 1328 669 1420; x_wconf 58' lang='lat' dir='ltr'><strong><em>&amp;scamasc‘e</em></strong></span> <span class='ocrx_word' id='word_1_92' title='bbox 653 1341 788 1414; x_wconf 83' lang='grc' dir='ltr'><strong><em>εαυτοῦ,</em></strong></span> <span class='ocrx_word' id='word_1_93' title='bbox 811 1329 865 1396; x_wconf 89' lang='grc' dir='ltr'><strong><em>καλ</em></strong></span> <span class='ocrx_word' id='word_1_94' title='bbox 888 1330 929 1395; x_wconf 91' lang='grc' dir='ltr'><strong><em>οὐ</em></strong></span> <span class='ocrx_word' id='word_1_95' title='bbox 952 1330 1088 1394; x_wconf 89' lang='grc' dir='ltr'><strong><em>δύναιτο</em></strong></span> <span class='ocrx_word' id='word_1_96' title='bbox 1111 1333 1245 1413; x_wconf 80' lang='grc' dir='ltr'><strong><em>κομίσα·</em></strong></span> 
     </span>
     <span class='ocr_line' id='line_1_16' title="bbox 241 1433 1307 1522; baseline -0.001 -21"><span class='ocrx_word' id='word_1_97' title='bbox 241 1443 332 1519; x_wconf 87' lang='grc' dir='ltr'><strong><em>σθαι,</em></strong></span> <span class='ocrx_word' id='word_1_98' title='bbox 355 1436 438 1502; x_wconf 85' lang='grc' dir='ltr'><strong><em>άλλολ</em></strong></span> <span class='ocrx_word' id='word_1_99' title='bbox 461 1439 581 1522; x_wconf 81' lang='grc' dir='ltr'><strong><em>σχεδόν</em></strong></span> <span class='ocrx_word' id='word_1_100' title='bbox 603 1461 634 1501; x_wconf 92' lang='grc' dir='ltr'><strong><em>τι</em></strong></span> <span class='ocrx_word' id='word_1_101' title='bbox 657 1436 827 1513; x_wconf 85' lang='grc' dir='ltr'><strong><em>ἀπολωλὸς</em></strong></span> <span class='ocrx_word' id='word_1_102' title='bbox 850 1443 899 1520; x_wconf 83' lang='grc' dir='ltr'><strong><em>εἰη</em></strong></span> <span class='ocrx_word' id='word_1_103' title='bbox 923 1433 975 1500; x_wconf 86' lang='grc' dir='ltr'><strong><em>καλ</em></strong></span> <span class='ocrx_word' id='word_1_104' title='bbox 1001 1444 1106 1501; x_wconf 88' lang='grc' dir='ltr'><strong><em>τοῦτο.</em></strong></span> <span class='ocrx_word' id='word_1_105' title='bbox 1152 1435 1242 1500; x_wconf 86' lang='grc' dir='ltr'><strong><em>ταῦτ’</em></strong></span> <span class='ocrx_word' id='word_1_106' title='bbox 1304 1467 1307 1520; x_wconf 65' lang='grc' dir='ltr'><strong><em>γ</em></strong></span> 
     </span>
    </p>

    <p class='ocr_par' dir='ltr' id='par_1_6' title="bbox 187 1538 1307 2049">
     <span class='ocr_line' id='line_1_17' title="bbox 187 1538 1295 1632; baseline -0.003 -24"><span class='ocrx_word' id='word_1_107' title='bbox 187 1560 220 1608; x_wconf 75' lang='lat'><strong><em>26</em></strong></span> <span class='ocrx_word' id='word_1_108' title='bbox 240 1540 330 1608; x_wconf 88' lang='grc' dir='ltr'><strong><em>έστλν</em></strong></span> <span class='ocrx_word' id='word_1_109' title='bbox 360 1541 380 1606; x_wconf 85' lang='grc' dir='ltr'><strong><em>λλ</em></strong></span> <span class='ocrx_word' id='word_1_110' title='bbox 411 1545 500 1626; x_wconf 84' lang='grc' dir='ltr'><strong><em>ἔλεγε</em></strong></span> <span class='ocrx_word' id='word_1_111' title='bbox 528 1544 691 1626; x_wconf 88' lang='grc' dir='ltr'><strong><em>Λάκριτος</em></strong></span> <span class='ocrx_word' id='word_1_112' title='bbox 717 1543 839 1608; x_wconf 87' lang='grc' dir='ltr'><strong><em>οὑτοσί.</em></strong></span> <span class='ocrx_word' id='word_1_113' title='bbox 889 1541 909 1625; x_wconf 80' lang='grc' dir='ltr'><em>ἡ</em></span> <span class='ocrx_word' id='word_1_114' title='bbox 938 1538 974 1606; x_wconf 81' lang='grc' dir='ltr'><strong><em>δλ</em></strong></span> <span class='ocrx_word' id='word_1_115' title='bbox 1002 1543 1175 1626; x_wconf 79' lang='grc' dir='ltr'><strong><em>συγγραφὴ</em></strong></span> <span class='ocrx_word' id='word_1_116' title='bbox 1202 1542 1295 1632; x_wconf 59' lang='grc' dir='ltr'><strong><em>οὐλι</em></strong></span> 
     </span>
     <span class='ocr_line' id='line_1_18' title="bbox 239 1579 1307 1753; baseline -0.001 -40"><span class='ocrx_word' id='word_1_117' title='bbox 239 1659 341 1714; x_wconf 87' lang='grc' dir='ltr'><strong><em>ταῦτα</em></strong></span> <span class='ocrx_word' id='word_1_118' title='bbox 373 1646 479 1729; x_wconf 83' lang='grc' dir='ltr'><strong><em>λέγει,</em></strong></span> <span class='ocrx_word' id='word_1_119' title='bbox 512 1644 537 1713; x_wconf 81' lang='grc' dir='ltr'>ὦ</span> <span class='ocrx_word' id='word_1_120' title='bbox 570 1649 689 1732; x_wconf 79' lang='grc' dir='ltr'><strong><em>ἄνδρες</em></strong></span> <span class='ocrx_word' id='word_1_121' title='bbox 722 1649 885 1712; x_wconf 90' lang='grc' dir='ltr'><strong><em>δικασταί</em></strong></span> <span class='ocrx_word' id='word_1_122' title='bbox 922 1647 1050 1722; x_wconf 81' lang='grc' dir='ltr'><strong><em>τούτοις</em></strong></span> <span class='ocrx_word' id='word_1_123' title='bbox 1082 1643 1111 1711; x_wconf 88' lang='grc' dir='ltr'><strong><em>δ’</em></strong></span> <span class='ocrx_word' id='word_1_124' title='bbox 1141 1579 1307 1753; x_wconf 57' lang='lat' dir='ltr'><strong><em>sfiffieffiffi</em></strong></span> 
     </span>
     <span class='ocr_line' id='line_1_19' title="bbox 241 1705 1307 1838; baseline -0.003 -19"><span class='ocrx_word' id='word_1_125' title='bbox 241 1752 319 1832; x_wconf 82' lang='grc' dir='ltr'><strong><em>έξ’</em></strong></span> <span class='ocrx_word' id='word_1_126' title='bbox 302 1764 402 1838; x_wconf 82' lang='grc' dir='ltr'><strong><em>αρχῆς</em></strong></span> <span class='ocrx_word' id='word_1_127' title='bbox 430 1749 529 1818; x_wconf 83' lang='grc' dir='ltr'><strong><em>ούδλυ</em></strong></span> <span class='ocrx_word' id='word_1_128' title='bbox 554 1751 687 1836; x_wconf 83' lang='grc' dir='ltr'><strong><em>ἐμέλησε</em></strong></span> <span class='ocrx_word' id='word_1_129' title='bbox 710 1762 767 1836; x_wconf 77' lang='grc' dir='ltr'><strong><em>τῆς</em></strong></span> <span class='ocrx_word' id='word_1_130' title='bbox 789 1761 980 1836; x_wconf 79' lang='grc' dir='ltr'><strong><em>συγγραφῆς</em></strong></span> <span class='ocrx_word' id='word_1_131' title='bbox 1002 1753 1135 1837; x_wconf 79' lang='grc' dir='ltr'><strong><em>ταύτης,</em></strong></span> <span class='ocrx_word' id='word_1_132' title='bbox 1161 1711 1307 1818; x_wconf 43' lang='grc' dir='ltr'><strong><em>άλλολίω</em></strong></span> <span class='ocrx_word' id='word_1_133' title='bbox 1262 1705 1307 1831; x_wconf 54' lang='lat' dir='ltr'><strong><em>stem</em></strong></span> 
     </span>
     <span class='ocr_line' id='line_1_20' title="bbox 240 1839 1307 1969; baseline -0.001 -45"><span class='ocrx_word' id='word_1_134' title='bbox 240 1871 308 1936; x_wconf 88' lang='grc' dir='ltr'><strong><em>τοῖς</em></strong></span> <span class='ocrx_word' id='word_1_135' title='bbox 340 1861 503 1944; x_wconf 84' lang='grc' dir='ltr'><strong><em>χρήμασιν</em></strong></span> <span class='ocrx_word' id='word_1_136' title='bbox 535 1859 677 1943; x_wconf 78' lang='grc' dir='ltr'><strong><em>ἐχρῶντο</em></strong></span> <span class='ocrx_word' id='word_1_137' title='bbox 709 1871 777 1935; x_wconf 88' lang='grc' dir='ltr'><strong><em>τοῖς</em></strong></span> <span class='ocrx_word' id='word_1_138' title='bbox 807 1856 975 1941; x_wconf 80' lang='grc' dir='ltr'><strong><em>ἡμετέροις</em></strong></span> <span class='ocrx_word' id='word_1_139' title='bbox 1007 1859 1115 1939; x_wconf 81' lang='grc' dir='ltr'><strong><em>ὥσπερ</em></strong></span> <span class='ocrx_word' id='word_1_140' title='bbox 1148 1860 1246 1936; x_wconf 90' lang='grc' dir='ltr'><strong><em>ἰδίοις</em></strong></span> <span class='ocrx_word' id='word_1_141' title='bbox 1265 1839 1307 1969; x_wconf 61' lang='lat' dir='ltr'><strong><em>ffiffi</em></strong></span> 
     </span>
     <span class='ocr_line' id='line_1_21' title="bbox 241 1959 1245 2094; baseline -0.002 -63"><span class='ocrx_word' id='word_1_142' title='bbox 241 1959 337 2031; x_wconf 84' lang='grc' dir='ltr'><strong><em>οὖσιν</em></strong></span> <span class='ocrx_word' id='word_1_143' title='bbox 366 1964 489 2030; x_wconf 80' lang='grc' dir='ltr'><strong><em>αὐτῶν·</em></strong></span> <span class='ocrx_word' id='word_1_144' title='bbox 522 1965 684 2041; x_wconf 84' lang='grc' dir='ltr'><strong><em>ούτωςί</em></strong></span> <span class='ocrx_word' id='word_1_145' title='bbox 653 1962 739 2029; x_wconf 86' lang='grc' dir='ltr'><strong><em>εἰσλν</em></strong></span> <span class='ocrx_word' id='word_1_146' title='bbox 766 1959 858 2029; x_wconf 82' lang='grc' dir='ltr'><strong><em>οὗτοι</em></strong></span> <span class='ocrx_word' id='word_1_147' title='bbox 885 1974 1063 2048; x_wconf 86' lang='grc' dir='ltr'><strong><em>κακοῦργοι</em></strong></span> <span class='ocrx_word' id='word_1_148' title='bbox 1091 1964 1245 2094; x_wconf 80' lang='grc' dir='ltr'><strong><em>σοφισταλ</em></strong></span> 
     </span>
    </p>

    <p class='ocr_par' dir='ltr' id='par_1_7' title="bbox 189 2068 1307 2683">
     <span class='ocr_line' id='line_1_22' title="bbox 189 2068 1286 2155; baseline -0.002 -18"><span class='ocrx_word' id='word_1_149' title='bbox 189 2089 221 2137; x_wconf 78' lang='lat'><strong><em>27</em></strong></span> <span class='ocrx_word' id='word_1_150' title='bbox 241 2068 296 2135; x_wconf 90' lang='grc' dir='ltr'><strong><em>καλ</em></strong></span> <span class='ocrx_word' id='word_1_151' title='bbox 317 2072 425 2136; x_wconf 86' lang='grc' dir='ltr'><strong><em>άδικοι</em></strong></span> <span class='ocrx_word' id='word_1_152' title='bbox 444 2072 627 2155; x_wconf 87' lang='grc' dir='ltr'><strong><em>άνθρωποι.</em></strong></span> <span class='ocrx_word' id='word_1_153' title='bbox 664 2070 727 2153; x_wconf 86' lang='grc' dir='ltr'><strong><em>έγὼ</em></strong></span> <span class='ocrx_word' id='word_1_154' title='bbox 748 2069 796 2154; x_wconf 87' lang='grc' dir='ltr'><strong><em>δέ,</em></strong></span> <span class='ocrx_word' id='word_1_155' title='bbox 819 2071 863 2153; x_wconf 83' lang='grc' dir='ltr'><strong><em>μδ</em></strong></span> <span class='ocrx_word' id='word_1_156' title='bbox 882 2072 940 2135; x_wconf 86' lang='grc' dir='ltr'><strong><em>τὸν</em></strong></span> <span class='ocrx_word' id='word_1_157' title='bbox 959 2073 1026 2134; x_wconf 91' lang='grc' dir='ltr'><strong><em>Δία</em></strong></span> <span class='ocrx_word' id='word_1_158' title='bbox 1044 2071 1103 2134; x_wconf 91' lang='grc' dir='ltr'><strong><em>τὸν</em></strong></span> <span class='ocrx_word' id='word_1_159' title='bbox 1121 2071 1286 2141; x_wconf 80' lang='grc' dir='ltr'><strong><em>ἄνακτα</em></strong></span> 
     </span>
     <span class='ocr_line' id='line_1_23' title="bbox 241 2139 1300 2259; baseline -0.002 -19"><span class='ocrx_word' id='word_1_160' title='bbox 241 2174 295 2240; x_wconf 92' lang='grc' dir='ltr'><strong><em>καλ</em></strong></span> <span class='ocrx_word' id='word_1_161' title='bbox 314 2179 390 2252; x_wconf 84' lang='grc' dir='ltr'><strong><em>τοὺς</em></strong></span> <span class='ocrx_word' id='word_1_162' title='bbox 407 2177 547 2252; x_wconf 76' lang='grc' dir='ltr'><strong><em>θεοὺς”</em></strong></span> <span class='ocrx_word' id='word_1_163' title='bbox 526 2198 681 2257; x_wconf 88' lang='grc' dir='ltr'><strong><em>απαντας,</em></strong></span> <span class='ocrx_word' id='word_1_164' title='bbox 704 2173 818 2240; x_wconf 87' lang='grc' dir='ltr'><strong><em>ούδενλ</em></strong></span> <span class='ocrx_word' id='word_1_165' title='bbox 840 2173 962 2240; x_wconf 83' lang='grc' dir='ltr'><strong><em>πώποτ’</em></strong></span> <span class='ocrx_word' id='word_1_166' title='bbox 986 2172 1146 2259; x_wconf 82' lang='grc' dir='ltr'><strong><em>έφθόνησ’</em></strong></span> <span class='ocrx_word' id='word_1_167' title='bbox 1169 2139 1300 2240; x_wconf 59' lang='grc' dir='ltr'><strong><em>οὐδ’Ἤη</em></strong></span> 
     </span>
     <span class='ocr_line' id='line_1_24' title="bbox 241 2277 1248 2365; baseline -0.002 -19"><span class='ocrx_word' id='word_1_168' title='bbox 241 2277 467 2365; x_wconf 78' lang='grc' dir='ltr'><strong><em>ἐπετίμησα,</em></strong></span> <span class='ocrx_word' id='word_1_169' title='bbox 447 2306 472 2346; x_wconf 87' lang='grc' dir='ltr'><strong>ω</strong></span> <span class='ocrx_word' id='word_1_170' title='bbox 492 2282 611 2364; x_wconf 72' lang='grc' dir='ltr'><strong><em>ἄνδρες</em></strong></span> <span class='ocrx_word' id='word_1_171' title='bbox 629 2283 790 2364; x_wconf 90' lang='grc' dir='ltr'><strong><em>δικασταί,</em></strong></span> <span class='ocrx_word' id='word_1_172' title='bbox 810 2288 842 2346; x_wconf 88' lang='grc' dir='ltr'><strong><em>εἰ</em></strong></span> <span class='ocrx_word' id='word_1_173' title='bbox 856 2305 904 2357; x_wconf 90' lang='grc' dir='ltr'><strong><em>τις</em></strong></span> <span class='ocrx_word' id='word_1_174' title='bbox 921 2282 1074 2364; x_wconf 78' lang='grc' dir='ltr'><strong><em>βούλεται</em></strong></span> <span class='ocrx_word' id='word_1_175' title='bbox 1089 2282 1248 2364; x_wconf 85' lang='grc' dir='ltr'><strong><em>σοφιστὴς</em></strong></span> 
     </span>
     <span class='ocr_line' id='line_1_25' title="bbox 242 2366 1307 2499; baseline -0.003 -46"><span class='ocrx_word' id='word_1_176' title='bbox 242 2412 327 2453; x_wconf 89' lang='grc' dir='ltr'><strong><em>ειναι</em></strong></span> <span class='ocrx_word' id='word_1_177' title='bbox 356 2400 411 2452; x_wconf 84' lang='grc' dir='ltr'><strong><em>και</em></strong></span> <span class='ocrx_word' id='word_1_178' title='bbox 435 2384 611 2471; x_wconf 80' lang='grc' dir='ltr'><strong><em>Ἰσοκράτει</em></strong></span> <span class='ocrx_word' id='word_1_179' title='bbox 641 2385 801 2469; x_wconf 84' lang='grc' dir='ltr'><strong><em>ἀργύριον</em></strong></span> <span class='ocrx_word' id='word_1_180' title='bbox 829 2385 1030 2451; x_wconf 84' lang='grc' dir='ltr'><strong><em>ἀναλίσκειν</em></strong></span> <span class='ocrx_word' id='word_1_181' title='bbox 1067 2411 1247 2471; x_wconf 83' lang='grc' dir='ltr'><strong><em>μαινοιμην</em></strong></span> <span class='ocrx_word' id='word_1_182' title='bbox 1274 2366 1307 2499; x_wconf 45' lang='grc' dir='ltr'><strong><em>,ἕ</em></strong></span> 
     </span>
     <span class='ocr_line' id='line_1_26' title="bbox 241 2449 1307 2609; baseline -0.001 -51"><span class='ocrx_word' id='word_1_183' title='bbox 241 2494 303 2577; x_wconf 83' lang='grc' dir='ltr'><strong><em>γάρ</em></strong></span> <span class='ocrx_word' id='word_1_184' title='bbox 327 2495 381 2576; x_wconf 64' lang='lat' dir='ltr'><strong><em>liv,</em></strong></span> <span class='ocrx_word' id='word_1_185' title='bbox 404 2499 437 2558; x_wconf 88' lang='grc' dir='ltr'><strong><em>εἰ</em></strong></span> <span class='ocrx_word' id='word_1_186' title='bbox 455 2496 489 2557; x_wconf 90' lang='grc' dir='ltr'><strong><em>τί</em></strong></span> <span class='ocrx_word' id='word_1_187' title='bbox 508 2516 564 2575; x_wconf 93' lang='grc' dir='ltr'><strong><em>μοι</em></strong></span> <span class='ocrx_word' id='word_1_188' title='bbox 587 2493 713 2557; x_wconf 84' lang='grc' dir='ltr'><strong><em>τούτων</em></strong></span> <span class='ocrx_word' id='word_1_189' title='bbox 737 2489 884 2576; x_wconf 84' lang='grc' dir='ltr'><strong><em>ἐπιμελλς</em></strong></span> <span class='ocrx_word' id='word_1_190' title='bbox 907 2499 966 2576; x_wconf 83' lang='grc' dir='ltr'><strong><em>εἰη.</em></strong></span> <span class='ocrx_word' id='word_1_191' title='bbox 1003 2492 1043 2557; x_wconf 90' lang='grc' dir='ltr'><strong><em>ού</em></strong></span> <span class='ocrx_word' id='word_1_192' title='bbox 1067 2491 1177 2576; x_wconf 91' lang='grc' dir='ltr'><strong><em>μέντοι</em></strong></span> <span class='ocrx_word' id='word_1_193' title='bbox 1201 2496 1302 2609; x_wconf 43' lang='grc' dir='ltr'><strong><em>μά,ὓ</em></strong></span> <span class='ocrx_word' id='word_1_194' title='bbox 1288 2449 1307 2508; x_wconf 48' lang='grc' dir='ltr'><strong>Μ</strong></span> 
     </span>
     <span class='ocr_line' id='line_1_27' title="bbox 242 2570 1307 2721; baseline 0 -57"><span class='ocrx_word' id='word_1_195' title='bbox 242 2604 309 2664; x_wconf 90' lang='grc' dir='ltr'><strong><em>Δία</em></strong></span> <span class='ocrx_word' id='word_1_196' title='bbox 339 2595 433 2682; x_wconf 85' lang='grc' dir='ltr'><strong><em>οἶμαί</em></strong></span> <span class='ocrx_word' id='word_1_197' title='bbox 462 2621 498 2681; x_wconf 88' lang='grc' dir='ltr'><strong><em>γε</em></strong></span> <span class='ocrx_word' id='word_1_198' title='bbox 529 2599 601 2662; x_wconf 86' lang='grc' dir='ltr'><strong><em>δεῖν</em></strong></span> <span class='ocrx_word' id='word_1_199' title='bbox 629 2597 843 2682; x_wconf 79' lang='grc' dir='ltr'><strong><em>ἀνθρώπους,</em></strong></span> <span class='ocrx_word' id='word_1_200' title='bbox 876 2609 1164 2683; x_wconf 82' lang='grc' dir='ltr'><strong><em>καταφρονοῦντας</em></strong></span> <span class='ocrx_word' id='word_1_201' title='bbox 1191 2570 1307 2721; x_wconf 46' lang='grc' dir='ltr'><strong><em>καλὶῖ</em></strong></span> 
     </span>
    </p>

    <p class='ocr_par' dir='ltr' id='par_1_8' title="bbox 242 2675 1296 2907">
     <span class='ocr_line' id='line_1_28' title="bbox 242 2675 1296 2789; baseline 0 -20"><span class='ocrx_word' id='word_1_202' title='bbox 242 2702 413 2788; x_wconf 79' lang='grc' dir='ltr'><strong><em>οἰομένους</em></strong></span> <span class='ocrx_word' id='word_1_203' title='bbox 437 2700 621 2779; x_wconf 87' lang='grc' dir='ltr'><strong><em>δεινοὺς</em></strong></span> <span class='ocrx_word' id='word_1_204' title='bbox 590 2727 686 2787; x_wconf 90' lang='grc' dir='ltr'><strong><em>ειναι,</em></strong></span> <span class='ocrx_word' id='word_1_205' title='bbox 710 2704 863 2789; x_wconf 78' lang='grc' dir='ltr'><strong><em>ἐφίεσθαι</em></strong></span> <span class='ocrx_word' id='word_1_206' title='bbox 882 2716 949 2770; x_wconf 81' lang='grc' dir='ltr'><strong><em>τῶν</em></strong></span> <span class='ocrx_word' id='word_1_207' title='bbox 968 2705 1150 2788; x_wconf 83' lang='grc' dir='ltr'><strong><em>ἀλλοτρίων</em></strong></span> <span class='ocrx_word' id='word_1_208' title='bbox 1169 2675 1296 2770; x_wconf 88' lang='grc' dir='ltr'><strong><em>ούδ</em></strong></span> 
     </span>
     <span class='ocr_line' id='line_1_29' title="bbox 242 2681 1307 2940; baseline -0.003 -63"><span class='ocrx_word' id='word_1_209' title='bbox 242 2812 515 2940; x_wconf 80' lang='grc' dir='ltr'><strong><em>ἀφαιρεῖσθαι,</em></strong></span> <span class='ocrx_word' id='word_1_210' title='bbox 485 2819 530 2875; x_wconf 77' lang='grc' dir='ltr'><strong><em>τιό</em></strong></span> <span class='ocrx_word' id='word_1_211' title='bbox 551 2813 638 2897; x_wconf 82' lang='grc' dir='ltr'><strong><em>λόγῳ</em></strong></span> <span class='ocrx_word' id='word_1_212' title='bbox 657 2811 881 2885; x_wconf 87' lang='grc' dir='ltr'><strong><em>πιστεύοντας·</em></strong></span> <span class='ocrx_word' id='word_1_213' title='bbox 906 2820 1054 2893; x_wconf 88' lang='grc' dir='ltr'><strong><em>πονηροῦ</em></strong></span> <span class='ocrx_word' id='word_1_214' title='bbox 1068 2810 1131 2891; x_wconf 86' lang='grc' dir='ltr'><strong><em>γὰρ</em></strong></span> <span class='ocrx_word' id='word_1_215' title='bbox 1145 2813 1250 2875; x_wconf 89' lang='grc' dir='ltr'><strong><em>ταῦτά</em></strong></span> <span class='ocrx_word' id='word_1_216' title='bbox 1285 2681 1307 2895; x_wconf 22' lang='lat' dir='ltr'><strong><em>‘lq‘</em></strong></span> 
     </span>
    </p>

    <p class='ocr_par' dir='ltr' id='par_1_9' title="bbox 190 2889 1307 3109">
     <span class='ocr_line' id='line_1_30' title="bbox 190 2889 1307 3048; baseline -0.003 -64"><span class='ocrx_word' id='word_1_217' title='bbox 190 2936 264 3002; x_wconf 69' lang='grc' dir='ltr'><strong><em>28γ</em></strong></span> <span class='ocrx_word' id='word_1_218' title='bbox 266 2915 360 2983; x_wconf 83' lang='grc' dir='ltr'><strong><em>’έστλ</em></strong></span> <span class='ocrx_word' id='word_1_219' title='bbox 380 2926 540 3001; x_wconf 85' lang='grc' dir='ltr'><strong><em>σοφιστοῦ</em></strong></span> <span class='ocrx_word' id='word_1_220' title='bbox 557 2914 664 2980; x_wconf 88' lang='grc' dir='ltr'><strong><em>καλί</em></strong></span> <span class='ocrx_word' id='word_1_221' title='bbox 631 2940 648 2980; x_wconf 94' lang='grc' dir='ltr'><strong><em>ο</em></strong></span> <span class='ocrx_word' id='word_1_222' title='bbox 651 2915 864 2999; x_wconf 82' lang='grc' dir='ltr'><strong><em>ἰμωξομένου.</em></strong></span> <span class='ocrx_word' id='word_1_223' title='bbox 893 2913 1104 2997; x_wconf 85' lang='grc' dir='ltr'><strong><em>Λάκριτοςδ’</em></strong></span> <span class='ocrx_word' id='word_1_224' title='bbox 1122 2915 1251 2998; x_wconf 83' lang='grc' dir='ltr'><strong><em>οὑτοσί,</em></strong></span> <span class='ocrx_word' id='word_1_225' title='bbox 1290 2889 1307 3048; x_wconf 41' lang='grc' dir='ltr'><strong><em>ἲ]</em></strong></span> 
     </span>
     <span class='ocr_line' id='line_1_31' title="bbox 243 3021 1307 3109; baseline -0.004 -19"><span class='ocrx_word' id='word_1_226' title='bbox 243 3021 268 3090; x_wconf 83' lang='grc' dir='ltr'><strong><em>ὦ</em></strong></span> <span class='ocrx_word' id='word_1_227' title='bbox 292 3025 411 3109; x_wconf 76' lang='grc' dir='ltr'><strong><em>ἄνδρες</em></strong></span> <span class='ocrx_word' id='word_1_228' title='bbox 430 3025 591 3105; x_wconf 89' lang='grc' dir='ltr'><strong><em>δικασταί,</em></strong></span> <span class='ocrx_word' id='word_1_229' title='bbox 614 3022 654 3088; x_wconf 89' lang='grc' dir='ltr'><strong><em>ού</em></strong></span> <span class='ocrx_word' id='word_1_230' title='bbox 672 3030 717 3109; x_wconf 77' lang='grc' dir='ltr'><strong><em>τῷ</em></strong></span> <span class='ocrx_word' id='word_1_231' title='bbox 738 3022 854 3109; x_wconf 81' lang='grc' dir='ltr'><strong><em>δικαίῳ</em></strong></span> <span class='ocrx_word' id='word_1_232' title='bbox 871 3023 1034 3086; x_wconf 87' lang='grc' dir='ltr'><strong><em>πιστεύων</em></strong></span> <span class='ocrx_word' id='word_1_233' title='bbox 1053 3023 1307 3105; x_wconf 79' lang='grc' dir='ltr'><strong><em>εἰσελήλυθε</em></strong></span> <span class='ocrx_word' id='word_1_234' title='bbox 1299 3081 1303 3092; x_wconf 87' lang='grc'><strong><em>,</em></strong></span> 
     </span>
    </p>

    <p class='ocr_par' dir='ltr' id='par_1_10' title="bbox 242 3095 1307 3213">
     <span class='ocr_line' id='line_1_32' title="bbox 242 3095 1307 3213; baseline -0.003 -18"><span class='ocrx_word' id='word_1_235' title='bbox 242 3131 365 3213; x_wconf 88' lang='grc' dir='ltr'><strong><em>ταύτην</em></strong></span> <span class='ocrx_word' id='word_1_236' title='bbox 387 3131 447 3213; x_wconf 80' lang='grc' dir='ltr'><strong><em>τὴν</em></strong></span> <span class='ocrx_word' id='word_1_237' title='bbox 471 3130 584 3212; x_wconf 82' lang='grc' dir='ltr'><strong><em>δίκην,</em></strong></span> <span class='ocrx_word' id='word_1_238' title='bbox 606 3126 677 3193; x_wconf 87' lang='grc' dir='ltr'><strong><em>ἀλλ’</em></strong></span> <span class='ocrx_word' id='word_1_239' title='bbox 700 3127 841 3213; x_wconf 79' lang='grc' dir='ltr'><strong><em>ἀκριβῶς</em></strong></span> <span class='ocrx_word' id='word_1_240' title='bbox 864 3128 960 3204; x_wconf 84' lang='grc' dir='ltr'><strong><em>εἰδὼς</em></strong></span> <span class='ocrx_word' id='word_1_241' title='bbox 981 3127 1020 3190; x_wconf 80' lang='grc' dir='ltr'><strong><em>τὰ</em></strong></span> <span class='ocrx_word' id='word_1_242' title='bbox 1043 3125 1245 3211; x_wconf 88' lang='grc' dir='ltr'><strong><em>πεπραγμέν</em></strong></span> <span class='ocrx_word' id='word_1_243' title='bbox 1291 3095 1307 3202; x_wconf 39' lang='grc' dir='ltr'><strong><em>’,λ</em></strong></span> 
     </span>
    </p>

    <p class='ocr_par' dir='ltr' id='par_1_11' title="bbox 245 3203 1307 3332">
     <span class='ocr_line' id='line_1_33' title="bbox 245 3203 1307 3332; baseline -0.006 -30"><span class='ocrx_word' id='word_1_244' title='bbox 245 3235 372 3314; x_wconf 90' lang='grc' dir='ltr'><strong><em>έαυτοῖς</em></strong></span> <span class='ocrx_word' id='word_1_245' title='bbox 395 3234 470 3318; x_wconf 87' lang='grc' dir='ltr'><strong><em>περλ</em></strong></span> <span class='ocrx_word' id='word_1_246' title='bbox 493 3238 530 3300; x_wconf 91' lang='grc' dir='ltr'><strong><em>τὸ</em></strong></span> <span class='ocrx_word' id='word_1_247' title='bbox 554 3235 714 3318; x_wconf 91' lang='grc' dir='ltr'><strong><em>δάνεισμα</em></strong></span> <span class='ocrx_word' id='word_1_248' title='bbox 735 3244 833 3300; x_wconf 86' lang='grc' dir='ltr'><strong><em>τοῦτο</em></strong></span> <span class='ocrx_word' id='word_1_249' title='bbox 856 3230 911 3297; x_wconf 92' lang='grc' dir='ltr'><strong><em>καλ</em></strong></span> <span class='ocrx_word' id='word_1_250' title='bbox 933 3233 1116 3316; x_wconf 81' lang='grc' dir='ltr'><strong><em>ἡγούμενος</em></strong></span> <span class='ocrx_word' id='word_1_251' title='bbox 1139 3234 1254 3309; x_wconf 90' lang='grc' dir='ltr'><strong><em>δεινὸς</em></strong></span> <span class='ocrx_word' id='word_1_252' title='bbox 1294 3203 1307 3332; x_wconf 54' lang='grc' dir='ltr'>ἶ</span> 
     </span>
    </p>

    <p class='ocr_par' dir='ltr' id='par_1_12' title="bbox 244 3336 1307 3427">
     <span class='ocr_line' id='line_1_34' title="bbox 244 3336 1307 3427; baseline -0.006 -19"><span class='ocrx_word' id='word_1_253' title='bbox 244 3339 328 3408; x_wconf 83' lang='grc' dir='ltr'><strong><em>εἶναι</em></strong></span> <span class='ocrx_word' id='word_1_254' title='bbox 351 3339 405 3407; x_wconf 92' lang='grc' dir='ltr'><strong><em>καλ</em></strong></span> <span class='ocrx_word' id='word_1_255' title='bbox 424 3341 545 3427; x_wconf 80' lang='grc' dir='ltr'><strong><em>ῥᾳδίως</em></strong></span> <span class='ocrx_word' id='word_1_256' title='bbox 564 3343 682 3422; x_wconf 87' lang='grc' dir='ltr'><strong><em>λόγους</em></strong></span> <span class='ocrx_word' id='word_1_257' title='bbox 701 3345 890 3422; x_wconf 80' lang='grc' dir='ltr'><strong><em>ποριεῖσθαι</em></strong></span> <span class='ocrx_word' id='word_1_258' title='bbox 908 3336 981 3422; x_wconf 82' lang='grc' dir='ltr'><strong><em>περὶ</em></strong></span> <span class='ocrx_word' id='word_1_259' title='bbox 1001 3337 1125 3403; x_wconf 81' lang='grc' dir='ltr'><strong><em>ἀδίκων</em></strong></span> <span class='ocrx_word' id='word_1_260' title='bbox 1144 3361 1254 3423; x_wconf 87' lang='grc' dir='ltr'><strong><em>πραγ-</em></strong></span> <span class='ocrx_word' id='word_1_261' title='bbox 1304 3337 1307 3348; x_wconf 52' lang='lat'><strong><em>&#39;⁴</em></strong></span> 
     </span>
    </p>

    <p class='ocr_par' dir='ltr' id='par_1_13' title="bbox 245 3435 1307 3538">
     <span class='ocr_line' id='line_1_35' title="bbox 245 3435 1307 3533; baseline -0.005 -20"><span class='ocrx_word' id='word_1_262' title='bbox 245 3448 367 3533; x_wconf 81' lang='grc' dir='ltr'><strong><em>μάτων,</em></strong></span> <span class='ocrx_word' id='word_1_263' title='bbox 389 3454 491 3513; x_wconf 88' lang='grc' dir='ltr'><strong><em>οἰεται</em></strong></span> <span class='ocrx_word' id='word_1_264' title='bbox 514 3445 670 3527; x_wconf 84' lang='grc' dir='ltr'><strong><em>παράξειν</em></strong></span> <span class='ocrx_word' id='word_1_265' title='bbox 693 3446 788 3529; x_wconf 82' lang='grc' dir='ltr'><strong><em>ὑμᾶς,</em></strong></span> <span class='ocrx_word' id='word_1_266' title='bbox 812 3444 888 3509; x_wconf 83' lang='grc' dir='ltr'><strong><em>ὅποι</em></strong></span> <span class='ocrx_word' id='word_1_267' title='bbox 910 3443 953 3509; x_wconf 84' lang='grc' dir='ltr'><strong><em>ἰλν</em></strong></span> <span class='ocrx_word' id='word_1_268' title='bbox 976 3445 1143 3528; x_wconf 77' lang='grc' dir='ltr'><strong><em>βούληται.</em></strong></span> <span class='ocrx_word' id='word_1_269' title='bbox 1179 3443 1255 3509; x_wconf 88' lang='grc' dir='ltr'><strong><em>έπελ</em></strong></span> <span class='ocrx_word' id='word_1_270' title='bbox 1304 3435 1307 3450; x_wconf 63' lang='grc'>’</span> 
     </span>
    </p>

    <p class='ocr_par' dir='ltr' id='par_1_14' title="bbox 245 3548 1257 3638">
     <span class='ocr_line' id='line_1_36' title="bbox 245 3548 1257 3638; baseline -0.005 -19"><span class='ocrx_word' id='word_1_271' title='bbox 245 3551 274 3620; x_wconf 89' lang='grc' dir='ltr'><strong><em>δ’</em></strong></span> <span class='ocrx_word' id='word_1_272' title='bbox 305 3549 367 3618; x_wconf 82' lang='grc' dir='ltr'><strong><em>ούν</em></strong></span> <span class='ocrx_word' id='word_1_273' title='bbox 397 3554 506 3629; x_wconf 87' lang='grc' dir='ltr'><strong><em>δεινός</em></strong></span> <span class='ocrx_word' id='word_1_274' title='bbox 536 3553 604 3617; x_wconf 83' lang='grc' dir='ltr'><strong><em>ἐστι</em></strong></span> <span class='ocrx_word' id='word_1_275' title='bbox 633 3549 687 3616; x_wconf 93' lang='grc' dir='ltr'><strong><em>καλ</em></strong></span> <span class='ocrx_word' id='word_1_276' title='bbox 716 3552 861 3616; x_wconf 84' lang='grc' dir='ltr'><strong><em>πιστεύει</em></strong></span> <span class='ocrx_word' id='word_1_277' title='bbox 888 3559 933 3638; x_wconf 75' lang='grc' dir='ltr'><strong><em>τῷ</em></strong></span> <span class='ocrx_word' id='word_1_278' title='bbox 961 3549 1070 3633; x_wconf 87' lang='grc' dir='ltr'><strong><em>λέγειν</em></strong></span> <span class='ocrx_word' id='word_1_279' title='bbox 1096 3548 1151 3615; x_wconf 87' lang='grc' dir='ltr'><strong><em>καλ</em></strong></span> <span class='ocrx_word' id='word_1_280' title='bbox 1179 3562 1257 3627; x_wconf 82' lang='grc' dir='ltr'><strong><em>ταῖς</em></strong></span> 
     </span>
    </p>
   </div>
   <div class='ocr_carea' id='block_1_5' title="bbox 1249 979 1307 1138">
    <p class='ocr_par' dir='ltr' id='par_1_15' title="bbox 1249 979 1306 1137">
     <span class='ocr_line' id='line_1_37' title="bbox 1249 979 1306 1031; baseline 0.07 -3"><span class='ocrx_word' id='word_1_281' title='bbox 1249 979 1306 1031; x_wconf 69' lang='grc' dir='ltr'><strong><em>λλλλλλ</em></strong></span> 
     </span>
     <span class='ocr_line' id='line_1_38' title="bbox 1252 1075 1307 1138; baseline 0 -1"><span class='ocrx_word' id='word_1_282' title='bbox 1252 1075 1307 1138; x_wconf 65' lang='grc' dir='ltr'><strong><em>λῑλλλλ</em></strong></span> 
     </span>
    </p>
   </div>
   <div class='ocr_carea' id='block_1_6' title="bbox 1272 2017 1307 2183">
    <p class='ocr_par' dir='ltr' id='par_1_16' title="bbox 1272 2017 1307 2183">
     <span class='ocr_line' id='line_1_39' title="bbox 1272 2017 1307 2183; baseline 0.114 -108"><span class='ocrx_word' id='word_1_283' title='bbox 1272 2017 1307 2183; x_wconf 70' lang='grc' dir='ltr'><strong><em>λτρι</em></strong></span> 
     </span>
    </p>
   </div>
   <div class='ocr_carea' id='block_1_7' title="bbox 1270 2157 1307 2301">
    <p class='ocr_par' dir='ltr' id='par_1_17' title="bbox 1270 2157 1307 2301">
     <span class='ocr_line' id='line_1_40' title="bbox 1270 2157 1307 2301; baseline 0.143 -12.286"><span class='ocrx_word' id='word_1_284' title='bbox 1270 2157 1307 2301; x_wconf 80' lang='grc' dir='ltr'><strong><em>ολ</em></strong></span> 
     </span>
    </p>
   </div>
   <div class='ocr_carea' id='block_1_8' title="bbox 0 0 1344 4002">
    <p class='ocr_par' dir='ltr' id='par_1_18' title="bbox 0 0 1344 4002">
     <span class='ocr_line' id='line_1_41' title="bbox 0 0 1344 4002; baseline 0 0"><span class='ocrx_word' id='word_1_285' title='bbox 0 0 1344 4002; x_wconf 95' lang='lat' dir='ltr'><strong><em> </em></strong></span> 
     </span>
    </p>
   </div>
  </div>
 </body>
</html>
