2668 4002
405 213 476 264 x1v.
496 209 782 282 [ΔΗιιοΣωειιΗΣη
1026 151 1091 272 '63

65 369 306 453 ἀπολάβωμεν
328 372 368 435 τὰ
391 374 547 456 χρήματα.
592 367 684 438 οὗτοι
708 369 739 436 δ’
766 373 960 456 ὡμολόγουν
982 395 1015 436 τε
1038 368 1093 435 καλ

67 480 214 559 ἔλεγον,
238 477 288 541 ὅτι
310 477 393 542 αὐτὰ
416 487 517 542 ταῦτα
539 482 738 560 περαίνοιεν.
774 476 828 542 καλ
851 477 943 562 ἡμεῖς
965 478 1093 554 τούτοις

29 593 30 614 ³
67 605 104 646 τε
133 591 313 667 προσῇμεν
336 581 390 648 καλ
412 579 467 667 ἀμ’
493 582 753 667 ἐπεσκοποῦμεν,
782 591 816 648 ελ
833 608 864 648 τι
888 581 1096 668 ἐξαιροῦνταί

29 733 30 770 ,
69 694 195 752 ποθεν
215 686 251 752 ἐκ
268 692 387 753 πλοίου
407 686 427 770 ἠ
445 690 767 771 πεντηκοστεύονται.
796 687 908 772 ἐπειδὴ
928 686 957 753 δ’
976 686 1093 775 ἡμέραι
1112 704 1144 751 21

29 775 30 798 ³
69 792 98 858 τ’
120 789 220 878 ἠσαν
234 791 349 878 συχναὶ
371 792 567 877 ἐπιδημοῦσι
585 796 714 870 τούτοις
732 793 824 878 ἡμεῖς
842 791 870 859 τ’
889 792 960 860 οὐδ’
980 795 1093 859 ὁτιοῦν

71 901 286 982 εὑρίσκομεν
314 897 386 964 οὔτ’
408 898 608 984 ἐξῃρημένον
632 901 707 965 ούτε
730 899 1093 984 πεπεντηκοστευμένον

72 1005 132 1070 ἐπὶ
160 1013 208 1090 τῳ
234 1005 369 1088 ὀνόματι
391 1015 434 1091 τῷ
455 1007 594 1088 τούτων,
616 1004 751 1082 ἐνταῦθ’
767 1008 830 1090 ἠδη
850 1010 975 1090 μᾶλλον
993 1022 1093 1088 προσ-

72 1107 232 1196 εκείμεθ’
261 1111 481 1189 ἀπαιτοῦντες.
524 1110 579 1177 καὶ
600 1112 712 1196 ἐπειδὴ
735 1112 949 1196 ἠνωχλοῦμεν
971 1112 1093 1196 αὐτοῖς,

74 1218 297 1301 ἀποκρίνεται
321 1218 494 1299 Λάκριτος,
517 1217 568 1282 ότι
591 1217 652 1282 οὐκ
674 1217 716 1282 ἀν
740 1209 808 1284 οἷοί
828 1215 856 1282 τ’
877 1224 992 1300 εἴησαν
1014 1216 1094 1282 ἀπο-

29 1391 30 1394 ,
76 1329 219 1405 δοῦναι,
242 1320 313 1387 ἀλλ’
335 1323 506 1388 ἀπόλωλεν
530 1325 656 1390 ἅπαντα
675 1325 713 1388 τά
733 1327 888 1409 χρήματα.
919 1322 973 1388 καὶ
991 1324 1095 1407 ἡμεῖς,

76 1427 104 1495 ὦ
131 1431 257 1512 ἀνδρες
280 1430 441 1512 δικασταί,
463 1429 712 1512 ἠγανακτοῦμεν
735 1428 788 1494 ἐπὶ
808 1442 876 1507 τοῖς
894 1427 1094 1513 λεγομένοις,

76 1533 188 1600 πλέον
208 1530 237 1598 δ’
257 1529 356 1598 οὐδὲν
375 1529 417 1617 ἠν
431 1533 673 1615 ἀγανακτοῦσιν
686 1535 778 1619 ἡμῖν·
798 1536 927 1611 τούτοις
940 1536 1003 1620 γάρ
1017 1532 1089 1600 οὐδ’

77 1644 202 1708 ὁτιοῦν
226 1642 348 1722 ἔμελεν.
386 1637 486 1706 οὐδέν
510 1636 540 1706 δ’
563 1635 661 1723 ἡττον
684 1641 861 1726 ἠρωτῶμεν
884 1641 1015 1724 αὐτούς,
1039 1640 1093 1706 όν·
1112 1657 1146 1704 22

78 1770 161 1812 τινα
188 1748 312 1830 τρόπον
336 1743 515 1811 ἀπολωλότ’
539 1752 589 1829 εἴη
611 1747 651 1810 τά
674 1748 829 1832 χρήματα.
875 1747 1036 1829 Λάκριτος
1059 1744 1090 1811 δ’

79 1848 203 1918 οὑτοσὶ
230 1861 413 1935 ναυαγῆσαι
442 1855 503 1937 ἔφη
531 1853 569 1916 τὸ
591 1857 709 1916 πλοῖον
731 1849 920 1936 παραπλέον
944 1851 980 1916 έκ
1002 1857 1094 1917 Παν-

80 1961 262 2022 τικαπαίου
285 1959 331 2033 είς
355 1960 549 2040 Θεοδοσίαν,
572 1959 820 2041 ναυαγὴσαντος
843 1955 879 2023 δὲ
898 1968 958 2023 τοῦ
975 1962 1093 2023 πλοίου

82 2062 295 2129 ἀπολωλέναι
318 2064 357 2127 τά
380 2065 528 2148 χρήματα
551 2075 619 2140 τοῖς
642 2063 798 2148 ἀδελφοῖς
820 2076 889 2140 τοῖς
912 2061 1046 2148 ἑαυτοῦ,
1073 2063 1093 2128 ἀ

84 2173 205 2254 ἔτυχεν
228 2167 265 2232 ἐν
287 2178 331 2256 τῳ
356 2174 459 2258 πλοίῳ
484 2170 613 2235 ἐνόντα·
637 2169 760 2235 ἐνεῖναι
784 2166 820 2234 δὲ
837 2170 969 2255 τάριχός
987 2193 1020 2234 τε
1039 2167 1093 2234 καλ

85 2271 185 2358 οἶνον
200 2277 300 2360 Κῷον
322 2272 376 2338 καλ
400 2271 470 2339 ἀλλ’
494 2276 582 2339 ἀττα.
614 2274 669 2341 καὶ
687 2275 708 2340 ἀ
727 2271 787 2358 μὲν
806 2277 908 2357 ἔλεγε,
930 2272 1019 2340 ταῦτ’
1038 2271 1093 2362 ἠν·
1112 2291 1145 2338 23

87 2380 184 2457 ἀξιον
204 2377 234 2443 δ’
251 2378 389 2444 ἀκοῦσαι
408 2381 469 2463 τήν
487 2382 665 2466 βδελυρίαν
684 2391 750 2445 τῶν
765 2379 953 2463 ἀνθρώπων
967 2381 1094 2445 τούτων

88 2482 144 2549 καὶ
167 2484 227 2566 τήν
250 2487 481 2568 ψευδολογίαν.
517 2489 600 2568 πρός
622 2509 656 2552 τε
680 2487 743 2572 γάρ
766 2489 802 2552 τὸ
823 2491 942 2551 πλοῖον
960 2487 996 2550 τὸ
1015 2510 1094 2551 ναυ-

89 2598 218 2673 αγῆσαν
241 2586 341 2655 οὐδὲν
364 2587 406 2674 ἠν
427 2592 539 2668 αὐτοῖς
557 2595 772 2675 συμβόλαιον,
795 2589 866 2656 ἀλλ’
889 2587 930 2674 ἠν
949 2591 1094 2675 έτεροςδ

91 2696 288 2770 δεδανεικὼς
304 2692 490 2779 Ἀθήνηθεν
514 2696 566 2761 ἐπὶ
588 2705 632 2783 τῷ
657 2697 769 2784 ναύλῳ
791 2703 836 2782 τῷ
860 2697 907 2772 είς
927 2696 986 2761 τὸν
1006 2699 1095 2761 Πόν-

91 2825 150 2866 του
176 2796 232 2864 καὶ
258 2797 306 2864 ἐπ’
329 2801 417 2888 αὐτῷ
441 2810 485 2888 τῷ
507 2805 625 2883 πλοίῳ,
652 2804 690 2866 τό
712 2797 739 2865 τ’
763 2801 912 2881 οίνάριον
933 2802 971 2866 τὸ
995 2805 1095 2889 Κῷον

92 2906 296 2988 ὀγδυὴκοντα
319 2906 456 2989 στάμνοι
479 2905 685 2990 ἐξεστηκότος
708 2913 814 2988 οίυου,
836 2905 890 2970 καὶ
909 2909 945 2978 τὸ
964 2906 1096 2992 τάριχος

92 3010 259 3098 ἀνθρώπῳ
286 3008 352 3075 τινὶ
379 3021 512 3099 γεωργῷ
540 3009 763 3095 παρεκομίζετ’
791 3011 828 3076 έν
856 3022 900 3098 τῳ
928 3017 1031 3102 πλοίῳ
1060 3013 1095 3078 ἐκ

94 3120 342 3181 Παντικαπαίου
371 3119 418 3192 είς
442 3118 642 3200 Θεοδοσίαν,
668 3129 736 3192 τοῖς
759 3116 911 3206 ε’ργάταις
930 3130 998 3194 τοῖς
1020 3117 1096 3203 περὶ

94 3224 154 3305 τήν
178 3226 341 3304 γεωργίαν
365 3229 517 3306 χρήσθαι.
558 3223 651 3306 ὑμεῖς
674 3220 722 3305 δ’,
745 3219 771 3288 ὦ
794 3207 913 3306 ἀνδρεςΙ
936 3225 1096 3308 δικασταί,
1115 3242 1148 3289 24

95 3327 293 3409 ἐνθυμεῖσθε
316 3329 397 3410 πρὸς
420 3327 503 3408 ὑμᾶς
526 3327 656 3410 αὐτούς,
680 3334 714 3392 εί
732 3351 822 3403 τινας
844 3326 976 3405 πώποτ’Ι
990 3329 1095 3414 ῖστεή

96 3430 245 3517 ἠκούσατ’
269 3427 363 3496 οἶνον
382 3429 534 3514 Ἀθήναζ’
557 3431 593 3497 έκ
616 3443 676 3498 τοῦ
695 3437 829 3498 Πόντου
848 3431 917 3514 κατ’Ι
937 3433 1096 3519 έμποριάν

95 3539 340 3622 είσαγαγόυτας,
370 3538 475 3613 ἀλλως
506 3560 539 3604 τε
568 3536 622 3602 καὶ
651 3541 759 3624 Κῷον.
804 3548 870 3604 πᾶν
897 3539 960 3623 γὰρ
987 3541 1096 3629 δὴπου
