2668 4002
467 201 514 252 IX.
533 199 782 252 ΠΔΟΤΤΔΡΧΟΣ
1085 196 1128 261 33

121 353 160 423 δὲ
177 361 233 425 καὶ
250 363 431 447 κατήφειαν
449 356 534 426 εἶναι
553 371 613 426 τοῦ
632 359 854 444 στρατοπέδου
868 364 1001 444 παντός,
1020 361 1128 442 ὥσπερ

122 464 163 529 οὐ
176 469 397 550 νενικηκότων
412 465 672 551 ἐπιφανεστάτην
686 470 783 549 νίκην
797 464 851 530 καὶ
866 470 1035 548 μεγίστην,
1054 461 1124 529 ἀλλ’

122 569 311 655 ἡττημένων
338 573 403 638 ὑπὸ
427 583 486 638 τοῦ
509 573 676 656 τυράννου
699 575 753 637 καί
776 570 1129 655 καταδεδουλωμένων.

123 675 159 740 ἐκ
182 673 219 742 δὲ
242 689 309 742 τῶν
331 681 477 760 πόλεων,
500 679 543 754 ὡς
565 677 758 762 ἀπηγγέλθη
782 689 898 759 ταῦτα,
921 687 1072 760 παρῆσαν
1094 677 1164 742 α’ί3

122 805 155 846 τε
179 782 276 868 άρχαλ
298 782 352 849 καὶ
376 782 443 867 μετ’
467 784 576 848 αὐτῶν
599 786 717 868 ἔφηβοι
741 782 795 848 καὶ
817 785 931 860 παῖδες
953 781 1008 848 καὶ
1032 784 1129 866 ίερεῖς

122 890 204 973 πρὸς
226 889 287 972 τὴν
309 890 478 974 ύποδοχὴν
501 900 561 955 τοῦ
584 891 747 977 σώματος,
773 893 911 973 τρόπαια
935 888 989 954 καὶ
1013 890 1130 974 στεφά-

122 1017 202 1071 νους
219 993 274 1060 καὶ
292 999 474 1071 πανοπλίας
492 1004 615 1079 χρυσᾶς
634 994 852 1078 ἐπιφέροντες.
886 995 929 1071 ὡς
943 991 980 1060 δὲ
994 999 1129 1079 ἔμελλεν
1147 1011 1164 1058 4

123 1099 351 1183 ἐκκομίζεσθαι
381 1102 417 1164 τὸ
447 1111 555 1184 σῶμα,
584 1103 825 1184 προσελθόντες
853 1101 889 1166 οί
911 1103 1130 1187 πρεσβύτατοι

123 1218 189 1271 τῶν
213 1210 391 1271 Θεσσαλων
414 1202 555 1291 ἡτοῦντο
578 1209 655 1282 τοὺς
680 1209 846 1289 Θηβαίους
869 1203 913 1271 δι’
937 1207 1046 1273 αὐτῶν
1068 1208 1130 1272 θά-

122 1325 182 1390 ψαι
205 1315 263 1378 τὸν
286 1315 413 1396 νεκρόν.
459 1304 506 1388 εἷς
530 1309 566 1376 δὲ
590 1312 698 1376 αὐτῶν
722 1315 846 1394 ἔλεγεν·
878 1311 1027 1394 “”Ανδρες
1050 1314 1131 1397 σύμ·

123 1443 236 1503 μαχοι,
269 1418 366 1504 χάριν
398 1421 555 1501 αἰτοῦμεν
585 1416 660 1501 παρ’
690 1418 784 1502 ὑμῶν
816 1421 941 1502 κόσμον
971 1417 1049 1502 ἡμῖν
1078 1418 1130 1484 έπὶ

124 1525 239 1613 ἀτυχίᾳ
268 1527 409 1611 τοσαύτη
439 1523 493 1589 καλ
522 1528 738 1610 παραμυθίαν
769 1522 946 1608 φέρουσαν.
997 1524 1038 1589 οὐ
1068 1526 1129 1609 γάρ

125 1635 226 1710 ζῶντα
247 1629 408 1696 Θεσσαλοὶ
423 1632 614 1696 Πελοπίδαν
633 1627 897 1714 προπέμψουσιν,
915 1627 994 1696 οὐδὲ
1012 1633 1130 1696 αἰσθα-

123 1737 253 1826 νομένῳ
271 1738 328 1812 τὰς
346 1736 438 1814 άξίας
455 1738 549 1820 τιμάς
567 1737 812 1817 ἀποδώσουσιν,
835 1733 906 1801 ἀλλ’
929 1736 987 1802 έδιν
1006 1741 1134 1812 ψαῦσαί

123 1867 157 1908 τε
185 1853 245 1908 τοῦ
272 1852 393 1928 νεκροῦ
420 1845 570 1927 τύχωμεν
597 1841 651 1907 καὶ
680 1840 723 1906 δι’
750 1841 860 1907 αὐτῶν
887 1854 1050 1927 κοσμῆσαι
1077 1841 1131 1908 καλ

123 1950 232 2026 θάψαι
250 1951 288 2014 τὸ
308 1960 412 2033 σῶμα,
431 1949 571 2031 δόξομεν
589 1949 669 2033 ὑμῖν
688 1948 749 2014 οὐκ
768 1947 928 2030 άπιστεῖν,
948 1949 998 2014 ὅτι
1012 1952 1131 2034 μείζων

124 2057 144 2139 ἡ
164 2057 318 2140 συμφορά
337 2055 452 2139 γέγονε
469 2058 642 2130 Θετταλοῖς
660 2053 680 2138 ἡ
696 2058 866 2138 Θηβαίοις·
890 2055 969 2139 ὑμῖν
988 2051 1049 2140 μὲν
1068 2056 1130 2137 γάρ
1150 2069 1165 2116 5

126 2162 288 2245 ἡγεμόνος
314 2160 446 2244 ἀγαθοῦ
468 2163 588 2244 μόνον,
616 2160 696 2244 ἡμῖν
719 2156 756 2225 δὲ
779 2159 834 2224 καὶ
856 2161 976 2225 τούτου
998 2158 1131 2244 καὶτῆς

126 2267 317 2350 ἐλευθερίας
347 2266 522 2349 στέρεσθαι
553 2264 744 2350 συμβέβηκε.
790 2276 858 2342 πῶς
887 2267 950 2348 γάρ
981 2269 1027 2331 ἔτι
1057 2271 1131 2331 τολ-

124 2375 272 2458 μὴσομεν
295 2375 425 2456 αίτὴσαι
444 2373 626 2455 στρατηγὸν
645 2373 748 2436 άλλον
766 2369 842 2455 παρ’
860 2371 954 2455 ὑμῶν
972 2371 1033 2436 οὐκ
1052 2370 1131 2436 άπο-

125 2481 239 2555 δόντες
267 2477 491 2556 Πελοπίδαν;’
537 2487 638 2542 ταῦτα
667 2473 728 2561 μέν
757 2478 793 2543 οί
818 2479 958 2560 Θηβαῖοι
988 2479 1130 2563 συνεχώ-

125 2602 239 2671 ρησαν.

188 2687 343 2755 Ἐκείνων
372 2686 408 2754 δὲ
435 2700 502 2753 τῶν
528 2701 643 2774 ταφῶν
671 2690 712 2754 οὐ
740 2691 897 2755 δοκοῦσιν
921 2688 1028 2774 ἕτεραι
1051 2694 1166 2773 λαμ·6

124 2799 280 2880 πρότεραι
307 2793 464 2878 γενέσθαι
492 2807 560 2872 τοῖς
586 2798 623 2861 τὸ
652 2798 802 2880 λαμπρὸν
829 2796 890 2860 οὐκ
919 2795 955 2860 έν
979 2793 1132 2880 ἐλέφαντι

125 2899 180 2964 καὶ
199 2911 309 2988 χρυσῷ
325 2899 379 2967 καί
392 2903 578 2986 πορφύραις
592 2896 677 2966 εἶναι
691 2905 893 2984 νομίζουσιν,
913 2902 1020 2985 ὥσπερ
1038 2906 1131 2967 Φίλι-

127 3023 202 3082 στος
224 3007 341 3088 ὑμνῶν
362 3005 416 3071 καὶ
435 3006 615 3090 θαυμάζων
632 3007 692 3089 τὴν
712 3010 896 3072 Διονυσίου
916 3009 1035 3091 ταφὴν,
1058 2999 1131 3073 οἷον

53 3153 57 3159 -
125 3114 309 3199 τραγῳδίας
336 3113 478 3195 μεγάλης
505 3120 561 3195 τῆς
583 3114 781 3195 τυραννίδος
804 3111 933 3190 ἐξόδιον
955 3116 1132 3196 θεατρικὸν

125 3215 316 3302 γενομένην.
352 3215 563 3298 Ἀλέξανδρος
587 3214 623 3283 δέ
643 3218 661 3284 δ
680 3217 779 3302 μέγας
791 3216 1034 3303 Ἡφαιστίωνος
1053 3217 1132 3283 άπο-
1152 3237 1164 3282 7

124 3327 289 3400 θανόντος
313 3323 352 3388 ού
376 3326 480 3406 μόνον
503 3324 623 3400 ἵππους
646 3326 749 3404 ἔκειρε
772 3321 825 3387 καὶ
849 3323 1022 3406 ἡμιόνους,
1049 3322 1132 3389 άλλδι

125 3428 180 3495 καὶ
206 3430 264 3506 τὰς
291 3428 438 3506 ἐπάλξεις
465 3427 577 3512 άφεῖλε
605 3440 671 3493 τῶν
698 3440 831 3512 τειχῶν,
861 3429 904 3504 ὡς
931 3427 972 3493 δν
1001 3430 1132 3495 δοκοῖεν

126 3537 163 3600 αί
182 3540 293 3611 πόλεις
315 3541 464 3618 πενθεῖν,
488 3532 560 3600 ἀντὶ
583 3545 640 3618 τὴς
657 3537 806 3618 πρόσθεν
825 3543 953 3620 μορφῆς
971 3537 1131 3620 κούριμον

179 3648 329 3698 Florilegium
344 3647 455 3690 Graecum
469 3649 521 3688 VII.
955 3644 970 3692 3
