2668 4002
530 231 550 286 1.
569 232 769 288 ΑΘΗΝΔΙΟΣ.
1131 230 1151 294 9

148 392 226 476 ἕδρη
249 390 303 457 καλ
326 391 469 478 κρέασιν.
510 388 552 477 ἦν
576 390 616 457 δέ
635 416 685 469 τις
707 390 895 469 αὐτοῖςκαὶ
919 393 974 457 διδ
997 403 1053 476 τῆς
1073 415 1153 477 προ-

147 501 272 574 πόσεως
301 497 483 582 ἀσπασμός·
521 499 557 563 οῖ’
583 506 666 581 γοῦν
694 495 770 563 θεολ
801 497 968 582 “χρυσεόις
998 500 1153 563 δεπάεσσι

149 601 306 688 δειδέχατ’
328 603 513 688 ἀλλήλους’,
536 606 608 688 ἤτοι
632 603 818 681 ἐδεξιοῦντο
841 608 1057 688 προπίνοντες
1078 602 1151 668 ἑαυ-

147 721 215 787 τοῖς
242 723 320 787 ταῖς
340 710 468 788 δεξιαῖς.
515 709 701 794 ἐδωροῦντο
730 706 766 774 δὲ
794 707 848 775 καλ
876 708 939 774 ἀπὸ
963 719 1019 793 τῆς
1042 709 1151 774 αὑτῶν

147 821 263 901 μοίρας
286 809 335 893 οἷς
359 816 552 901 ἐβούλοντο,
575 816 619 892 ὡς
639 813 814 892 Ὀδυσσεὺς
837 816 944 880 νώτου
968 813 1183 899 ἀποπροτα-ῖι
1198 831 1257 880 475.

147 925 219 1007 μῶν
242 919 283 988 οὗ
306 923 393 1011 αὐτῷ
417 923 601 1006 παρέθεντο
625 931 670 1010 τῶ
695 922 891 1010 Δημοδόκῳ.

211 1027 371 1114 Ἐχρῶντο
406 1027 437 1094 δ’
468 1028 504 1095 ἐν
537 1041 606 1105 τοῖς
639 1031 834 1111 συμποσίοις
865 1029 920 1092 καλ
951 1029 1153 1116 κιθαρῳδοῖς
1166 1037 1204 1092 111

147 1133 201 1200 καλ
229 1135 419 1220 ὀρχησταῖς,
446 1136 490 1213 ὡς
513 1136 548 1200 ολ
568 1143 758 1219 μνηστῆρες.
803 1136 857 1198 καὶ
880 1135 968 1218 παρὰ
990 1134 1231 1222 Μενελάφδιῖ,

148 1241 313 1326 “ε’με’λπετο
341 1248 433 1318 θεῖος
460 1240 595 1324 ἀοιδός’,
624 1241 686 1306 δύο
714 1235 751 1304 δὲ
773 1244 1006 1324 κυβιστητῆρες
1028 1245 1153 1324 μολπῆς

148 1347 336 1432 ἐξάρχοντες
373 1346 536 1412 ἐδίνευον·
586 1350 712 1430 μολπῆς
748 1341 784 1410 δὲ
816 1343 889 1410 ἀντὶ
921 1355 981 1411 τοῦ
1011 1346 1152 1422 παιδιᾶς.

148 1465 283 1538 σῶφρον
306 1452 346 1517 δέ
365 1477 396 1518 τι
419 1448 462 1537 ῆν
484 1455 521 1518 τὸ
543 1463 611 1517 τῶν
629 1450 753 1517 ἀοιδῶν
772 1449 868 1533 γένος
886 1448 940 1515 καλ
958 1454 1153 1536 φιλοσόφων

148 1559 302 1624 διάθεσιν
331 1557 454 1643 ἐπέχον.
496 1555 708 1642 Ἀγαμέμνων
731 1567 814 1641 γοῦν
837 1559 895 1622 τὸν
918 1556 1034 1622 ἀοιδὸν
1057 1581 1153 1622 κατα-

149 1669 251 1730 λείπει
270 1673 307 1748 τῆ
323 1666 599 1750 Κλυταιμνήστρα
617 1664 747 1748 φύλακα
762 1660 816 1727 καλ
829 1663 1051 1748 παραινετῆρά
1064 1681 1152 1728 τινα·
1187 1717 1189 1726 ,

149 1769 185 1847 ὃς
206 1781 337 1855 πρῶτον
360 1767 420 1854 μὲν
444 1769 564 1854 ἀρετήν
582 1781 750 1853 γυναικῶν
769 1770 980 1853 διερχόμενος
998 1767 1155 1852 ἐνέβαλλέ
1170 1782 1186 1830 2

149 1900 223 1941 τινα
241 1880 432 1961 φιλοτιμίαν
451 1879 498 1952 είς
515 1875 774 1958 καλοκάγαθίαν,
797 1870 866 1939 εἶτα
884 1876 1056 1959 διατριβήν
1071 1896 1153 1959 παρ-

150 1981 234 2066 έχων
269 1981 383 2066 ἡδεῖαν
420 1981 590 2046 ἀπεπλάνα
626 1983 686 2065 τήν
724 1980 876 2045 διάνοιαν
912 1981 1049 2065 φαύλων
1086 1980 1153 2046 ἐπι-

148 2100 259 2153 νοιῶν.
306 2089 359 2154 διὸ
381 2093 544 2171 Αἴγισθος
572 2086 612 2152 οὐ
635 2089 796 2171 πρότερον
820 2085 990 2170 διέφθειρε
1012 2089 1073 2171 τήν
1096 2111 1154 2170 γυ-

149 2205 246 2259 ναῖκα
278 2191 357 2276 πρὶν
388 2196 447 2259 τὸν
474 2192 590 2258 άοιδὸν
618 2191 796 2275 ἀπαγαγὼν
824 2191 971 2257 ἐνθεῖναι
1000 2192 1036 2256 ἐν
1063 2195 1153 2281 νῆσφ

150 2299 262 2386 ἐρήμη.
306 2311 426 2377 κοινῶς
453 2297 492 2364 δέ
517 2322 582 2364 που
605 2300 729 2375 πάντας
751 2301 827 2374 τοὺς
850 2297 984 2374 ἀοιδοὺς
1006 2299 1154 2374 αίδοίους

149 2417 218 2482 τοῖς
240 2404 431 2486 ἀνθρώποις
453 2401 542 2470 εἶναί
562 2422 656 2488 φησι·

572 2508 716 2576 ’τοῦνεκ’
736 2512 799 2592 άρα
822 2509 924 2594 σφέας
1064 2529 1153 2580 υ480.

234 2622 329 2700 οἴμας
350 2615 464 2682 Μοῦο’
485 2615 613 2695 ἐδίδαξε
636 2615 757 2700 φίλησέ
776 2638 810 2680 τε
834 2621 942 2700 φῦλον
965 2614 1109 2680 ἀοιδῶν.’

151 2723 301 2806 ὀρχήσεις
328 2720 361 2787 δ’
386 2720 449 2788 είσλ
476 2720 553 2807 παρ’
574 2720 702 2810 Ὁμήρῳ
726 2722 763 2785 αί
783 2720 843 2805 μέν
866 2744 952 2797 τινες
974 2731 1040 2785 τῶν
1062 2723 1189 2806 κυβι-ῖῖ

151 2830 336 2911 στητήρων,
368 2829 405 2892 αί
434 2824 470 2892 δέ
503 2828 558 2892 διά
590 2837 646 2910 τῆς
680 2830 835 2910 σφαίρας·
867 2821 906 2909 ής
934 2827 995 2909 τῆν
1024 2827 1155 2908 εὕρεσιν

148 2932 295 3017 Ἀγαλλλς
326 2933 347 3017 ἡ
380 2937 568 3018 Κερκυραία
601 2934 805 3017 γραμματική
838 2932 1014 3018 Ναυσικάᾳ
1046 2931 1155 2996 ἀνατί-

149 3046 252 3123 θησιν
275 3040 319 3116 ὡς
341 3041 484 3104 πολίτιδι
508 3037 711 3124 χαριζομένη.
754 3039 877 3121 ταύτην
901 3034 937 3102 δέ
960 3033 1066 3121 μόνην
1089 3049 1155 3102 τῶν

149 3145 303 3229 ἡρωίδων
322 3143 465 3228 ’Όμηρος
492 3145 632 3230 παράγει
660 3147 906 3228 σφαιρίζουσαν.
954 3143 988 3208 οί
1014 3146 1155 3219 Φαίακες

151 3247 188 3315 δὲ
223 3247 300 3335 παρ’
326 3247 455 3338 Ὁμήρῳ
491 3249 546 3314 καλ
577 3251 659 3314 ἀνευ
692 3253 834 3333 σφαίρας
866 3249 1050 3332 ὀρχοῦνται.
1100 3247 1155 3312 καλ

150 3356 329 3441 ὀρχοῦνταί
352 3378 418 3421 που
445 3355 508 3420 ἀνὰ
532 3353 629 3438 μέρος
651 3365 783 3429 πυκνῶς
806 3351 918 3440 (τοῦτο
942 3354 1003 3437 γάρ
1028 3354 1095 3418 ἐστι
1117 3357 1154 3420 τὸ

151 3458 282 3546 ’ταρφέ’
310 3459 565 3545 ἀμειβόμενοιἸ,
592 3461 702 3525 ἀλλων
730 3458 921 3544 ἐφεστώτων
948 3457 1002 3522 καλ
1027 3458 1256 3543 ἐπικρο-δῖῖθ.

151 3568 297 3641 ιούντων
323 3578 392 3651 τοῖς
420 3572 565 3659 λιχανοῖς
593 3567 775 3651 δακτύλοις.
821 3559 891 3638 οἶδε
917 3557 953 3630 δὲ
977 3563 995 3636 ὁ
1018 3566 1155 3657 ποιητής
