2668 4002
232 207 275 272 23
569 213 628 264 vn.
647 212 906 264 Πιονυιειιοιι.

231 371 292 452 τὴν
319 369 456 455 μητέρα,
484 374 606 456 χρόνον
633 368 694 454 μὲν
724 373 848 455 συχνὸν
870 368 1030 458 ᾐσχύνετο
1053 371 1178 456 φράσαι
1200 379 1238 456 τῇ

114 493 117 498 ·
233 475 330 560 μητρὶ
352 475 407 542 καί
425 479 584 553 πολλάκις
602 478 764 542 εἰσελθὼν
783 476 837 542 καὶ
856 480 937 561 πρὸς
955 478 1042 564 αὐτῷ
1063 481 1240 560 γενόμενος

232 591 277 669 τῷ
306 584 393 672 λόγῳ
422 585 680 667 κατεσιώπησεν,
708 583 790 647 ὥστε
818 582 974 665 κάκείνην
1001 584 1158 648 ὑπονοεῖν
1184 580 1239 646 καὶ

231 688 319 770 παρά
338 699 404 752 τῶν
423 692 531 773 φίλων
550 689 653 754 αύτοῦ
668 689 967 770 διαπυνθάνεσθαι,
986 691 1030 771 μή
1045 713 1076 752 τι
1089 700 1242 753 κατοκνεῖ

197 807 213 854 5
233 796 436 877 βουλόμενος
464 793 612 879 ἐντυχεῖν
639 794 730 878 αὐτῇ.
775 793 867 870 τέλος
890 791 926 858 δὲ
949 804 1008 858 τοῦ
1032 794 1240 877 Κλεομένους

233 898 521 983 ἀποτολμήσαντος
543 901 664 982 εἰπεῖν,
687 898 858 983 ἐξεγέλασέ
877 923 911 964 τε
935 898 1017 983 μέγα
1039 904 1097 964 καί
1117 900 1239 964 “Τοῦτο

232 1001 289 1087 ἦν’
321 1001 411 1069 εἶπεν
441 1005 475 1070 ‘8
503 1006 660 1081 πολλάκις
688 1007 833 1090 ὁρμήσας
861 1005 968 1088 λέγειν
996 1004 1239 1083 άπεδειλίασας;

232 1111 273 1177 ού
291 1117 416 1176 θᾶττον
436 1111 519 1195 ἡμᾶς
538 1110 716 1195 ἐνθέμενος
734 1113 781 1186 εἰς
799 1116 917 1176 πλοίου
936 1109 1136 1192 ἀποστελεῖς,
1154 1111 1239 1175 ὅπου

232 1211 309 1281 ποτὲ
332 1226 370 1302 τῇ
386 1217 523 1304 Σπάρτη
545 1221 688 1302 νομίζεις
710 1219 746 1282 τὸ
767 1229 859 1301 σῶμα
877 1227 973 1282 τοῦτο
992 1218 1240 1300 χρησιμώτατον

233 1325 384 1405 ἔσεσθαι,
411 1321 490 1406 πρὶν
517 1323 582 1388 ὑπὸ
608 1325 716 1406 γήρως
739 1322 841 1386 αὐτοῦ
864 1323 1055 1404 καθήμενον
1080 1323 1240 1404 διαλυθη-

198 1426 317 1506 σναι;’
362 1428 496 1492 πάντων
524 1423 586 1493 οὖν
615 1425 753 1510 ἑτοίμων
781 1425 970 1510 γενομένων
997 1426 1155 1511 ἀφίκοντο
1178 1424 1240 1511 μὲν

233 1536 279 1610 είς
306 1537 471 1617 Ταίναρον
498 1535 576 1618 πεζῇ
599 1531 654 1597 καί
676 1533 891 1616 προῦπεμψεν
914 1532 934 1614 ἡ
958 1534 1098 1616 δύναμις
1120 1533 1240 1609 αὐτοὺς

233 1638 270 1704 ἐν
299 1650 368 1715 τοῖς
395 1639 521 1716 ὅπλοις·
559 1638 724 1722 μέλλουσα
752 1636 789 1703 δὲ
815 1648 872 1722 τῆς
898 1639 982 1715 νεὼς
1008 1639 1190 1722 ἐπιβαίνειν
1218 1641 1238 1723 ἡ

233 1749 474 1830 Κρατησίκλεια
501 1746 560 1809 τὸν
583 1743 753 1828 Κλεομένη
782 1748 887 1828 μόνον
915 1747 961 1820 είς
986 1746 1046 1809 τὸν
1071 1746 1157 1810 νεὼν
1179 1755 1239 1810 τοῦ

233 1852 445 1926 Ποσειδῶνος
468 1848 613 1932 ἀπήγαγε
637 1847 690 1913 καὶ
716 1852 938 1934 περιβαλοῦσα
961 1847 1015 1914 καὶ
1033 1867 1239 1915 κατασπασα-

234 1955 315 2042 μένη
340 1958 539 2038 διαλγοῦντα
559 1953 613 2019 καὶ
633 1955 937 2038 συντεταραγμένον
961 1951 1181 2044 “’Ἀγε’,εἶπεν,
1200 1951 1238 2020 ’ὦ

234 2067 370 2145 βασιλεῦ
398 2062 687 2144 Λακεδαιμονίων,
719 2061 822 2144 ὅπως,
853 2061 934 2125 ἐπάν
964 2060 1024 2139 ἔξω
1055 2063 1240 2147 γενώμεθα,

234 2166 348 2253 μηδεὶς
367 2168 421 2252 ίδη
441 2167 643 2250 δακρύοντας
661 2166 745 2249 ἡμᾶς
757 2163 845 2249 ’μηδὲ
864 2166 999 2244 ἀνάξιόν
1013 2191 1043 2230 τι
1057 2175 1113 2248 τῆς
1127 2168 1239 2252 Σπάρ-

235 2297 290 2356 της
317 2282 503 2347 ποιοῦντας.
548 2282 646 2337 τοῦτο
674 2273 736 2356 γάρ
765 2270 816 2357 ἐφ’
838 2272 917 2356 ἡμῖν
940 2275 1060 2353 μόνον·
1088 2273 1125 2336 αί
1144 2274 1238 2357 τύχαι

201 2397 214 2442 7
236 2379 288 2463 δέ,
317 2380 405 2454 ὅπως
432 2376 474 2441 διν
502 2377 519 2442 ὁ
543 2378 671 2461 δαίμων
695 2379 794 2464 διδῷ,
821 2377 973 2458 πάρεισι.’
1019 2388 1119 2443 ταῦτα
1142 2375 1172 2442 δ’
1194 2381 1239 2443 εί-

234 2495 342 2550 ποῦσα
374 2481 428 2548 καὶ
460 2485 687 2566 καταστήσασα
717 2485 753 2548 τὸ
781 2487 959 2566 πρόσωπον
987 2482 1038 2548 ἐπὶ
1065 2485 1126 2567 τὴν
1152 2496 1239 2551 ναῦν

235 2591 349 2675 ἐχώρει
381 2592 418 2654 τὸ
450 2591 584 2654 παιδίον
613 2591 732 2673 ἔχουσα
759 2588 814 2653 καὶ
842 2591 897 2654 διὰ
923 2590 1042 2672 τάχους
1069 2587 1239 2655 ἐκέλευσεν

200 2713 215 2761 8
235 2696 387 2780 ἀπαίρειν
410 2697 468 2760 τὸν
491 2697 705 2779 κυβερνήτην.
751 2694 819 2759 ἐπεὶ
843 2693 879 2760 δὲ
903 2698 949 2771 είς
971 2701 1141 2778 Αἴγυπτον
1164 2695 1239 2780 άφί·

234 2826 309 2868 κετο
332 2800 387 2866 καὶ
408 2803 467 2866 τὸν
480 2805 689 2883 Πτολεμαῖον
709 2801 848 2866 ἐπύθετο
868 2805 987 2882 λόγους
1005 2799 1080 2884 παρ’
1096 2798 1239 2885 Ἀντιγύ-

234 2933 297 2974 νου
320 2905 374 2972 καί
397 2910 571 2990 πρεσβείας
594 2908 784 2991 δεχόμενον,
807 2905 881 2990 περὶ
901 2906 936 2970 δὲ
955 2917 1014 2972 τοῦ
1031 2906 1241 2991 Κλεομένους

235 3016 391 3098 ἤκουσεν,
420 3013 470 3076 ὅτι
499 3024 565 3076 τῶν
589 3007 726 3096 Ἀχαιῶν
755 3010 1033 3096 προκαλουμένων
1063 3012 1164 3078 αὐτὸν
1192 3016 1240 3091 είς

236 3120 401 3195 διαλύσεις
422 3123 560 3202 φοβοῖτο
585 3115 627 3182 δι’
655 3117 784 3200 ἐκείνην
808 3119 888 3182 άνευ
911 3121 1120 3202 Πτολεμαίου
1143 3141 1239 3183 κατα-

235 3228 358 3290 θέσθαι
386 3226 443 3289 τὸν
470 3226 630 3306 πόλεμον,
658 3221 841 3287 ἐπέστειλεν
868 3223 954 3309 αὐτῷ
979 3223 1018 3287 τά
1040 3231 1079 3307 τῇ
1103 3224 1239 3310 Σπάρτη

235 3329 399 3414 πρέποντα
426 3327 481 3394 καὶ
508 3328 718 3414 συμφέροντα
744 3329 898 3412 πράττειν
925 3327 979 3392 καὶ
1007 3329 1050 3412 μὴ
1079 3329 1134 3394 διὰ
1160 3333 1241 3413 μίαν

235 3447 341 3522 γραῦν
368 3434 423 3500 καὶ
450 3435 626 3518 παιδάριον
654 3431 704 3498 ἀεὶ
728 3431 871 3499 δεδιέναι
895 3438 1112 3517 Πτολεμαῖον.
1157 3434 1240 3520 αὕτη

236 3539 297 3628 μὲν
325 3535 388 3607 οὖν
416 3543 503 3625 παρά
526 3541 583 3615 τὰς
605 3541 703 3626 τύχας
726 3539 859 3624 τοιαύτη
882 3539 1009 3623 λέγεται
1031 3546 1241 3624 γεγενῆσθαι.
